timestamp,symbol,price,size,type
1748406136.8524532,AAPL,100.0038300264962,355,order
1748406136.9524531,AAPL,100.06587476630975,485,order
1748406137.0524533,AAPL,100.06543183071082,256,order
1748406137.1524532,AAPL,100.04164393131424,295,order
1748406137.2524533,AAPL,100.05268572582224,274,order
1748406137.3524532,AAPL,100.13646087039413,498,order
1748406137.4524531,AAPL,100.18277692704336,173,order
1748406137.5524533,AAPL,100.14480744922326,180,order
1748406137.6524532,AAPL,100.1889916947207,486,order
1748406137.7524533,AAPL,100.11772415512975,97,order
1748406137.8524532,AAPL,100.13680752821098,36,order
1748406137.9524531,AAPL,100.11281629637939,66,order
1748406138.0524533,AAPL,100.1063861897352,39,order
1748406138.1524532,AAPL,100.12356766754354,141,order
1748406138.2524533,AAPL,100.1210201226434,328,order
1748406138.3524532,AAPL,100.0966278184269,439,order
1748406138.4524531,AAPL,100.058558443658,355,order
1748406138.5524533,AAPL,100.05482689552757,187,order
1748406138.6524532,AAPL,100.0599251610681,356,order
1748406138.7524533,AAPL,99.97457902833872,81,order
1748406138.8524532,AAPL,100.03668639168527,393,order
1748406138.9524531,AAPL,100.06574562156952,13,order
1748406139.0524533,AAPL,100.07782447195757,243,order
1748406139.1524532,AAPL,100.08645513733197,45,order
1748406139.2524533,AAPL,100.08594418151499,468,order
1748406139.3524532,AAPL,100.13578026282029,158,order
1748406139.4524531,AAPL,100.21515617673685,490,order
1748406139.5524533,AAPL,100.15399849286149,237,order
1748406139.6524532,AAPL,100.10798419061832,215,order
1748406139.7524533,AAPL,100.07791440561488,391,order
1748406139.8524532,AAPL,100.09643997272745,319,order
1748406139.9524531,AAPL,100.02684203519988,436,order
1748406140.0524533,AAPL,100.08689191119292,470,order
1748406140.1524532,AAPL,100.12545728338448,342,order
1748406140.2524533,AAPL,100.04100200244544,201,order
1748406140.3524532,AAPL,100.112144313594,40,order
1748406140.4524531,AAPL,100.12367764426551,155,order
1748406140.5524533,AAPL,100.12271532523556,13,order
1748406140.6524532,AAPL,99.99939069046647,258,order
1748406140.7524533,AAPL,99.98870843105115,253,order
1748406140.8524532,AAPL,99.95170940638752,14,order
1748406140.9524531,AAPL,99.86951935812607,305,order
1748406141.0524533,AAPL,99.94094724848512,326,order
1748406141.1524532,AAPL,99.84035197019104,100,order
1748406141.2524533,AAPL,99.77608250728622,341,order
1748406141.3524532,AAPL,99.73326005475312,380,order
1748406141.4524531,AAPL,99.72231478223213,88,order
1748406141.5524533,AAPL,99.77615937587899,463,order
1748406141.6524532,AAPL,99.80898399058334,398,order
1748406141.7524533,AAPL,99.69222682350936,472,order
1748406141.8524532,AAPL,99.66354996346244,314,order
1748406141.9524531,AAPL,99.69160470540704,168,order
1748406142.0524533,AAPL,99.68346148812321,414,order
1748406142.1524532,AAPL,99.7485892488426,158,order
1748406142.2524533,AAPL,99.79303574594556,248,order
1748406142.3524532,AAPL,99.83905120405724,411,order
1748406142.4524531,AAPL,99.90992934564166,396,order
1748406142.5524533,AAPL,99.89805073464234,281,order
1748406142.6524532,AAPL,99.86951176237835,120,order
1748406142.7524533,AAPL,99.86979668133374,55,order
1748406142.8524532,AAPL,99.91235147753382,395,order
1748406142.9524531,AAPL,99.89775666327846,212,order
1748406143.0524533,AAPL,99.880709169292,386,order
1748406143.1524532,AAPL,99.85723110145294,85,order
1748406143.2524533,AAPL,99.84624372705235,159,order
1748406143.3524532,AAPL,99.84850466953368,172,order
1748406143.4524531,AAPL,99.83411698182469,368,order
1748406143.5524533,AAPL,99.79831604061131,371,order
1748406143.6524532,AAPL,99.83924621139488,368,order
1748406143.7524533,AAPL,99.83066203966325,73,order
1748406143.8524532,AAPL,99.79434021660583,224,order
1748406143.9524531,AAPL,99.69263558569037,428,order
1748406144.0524533,AAPL,99.66410570874058,485,order
1748406144.1524532,AAPL,99.6804291105661,433,order
1748406144.2524533,AAPL,99.59189831693485,186,order
1748406144.3524532,AAPL,99.62148952477921,307,order
1748406144.4524531,AAPL,99.59615303080533,386,order
1748406144.5524533,AAPL,99.53415452306267,28,order
1748406144.6524532,AAPL,99.58816969517918,386,order
1748406144.7524533,AAPL,99.48966937807388,288,order
1748406144.8524532,AAPL,99.39223914157066,330,order
1748406144.9524531,AAPL,99.34537099771737,447,order
1748406145.0524533,AAPL,99.34582869618323,202,order
1748406145.1524532,AAPL,99.38655476058506,484,order
1748406145.2524533,AAPL,99.46318722551166,309,order
1748406145.3524532,AAPL,99.45806709550533,498,order
1748406145.4524531,AAPL,99.54685352515928,20,order
1748406145.5524533,AAPL,99.58769999523146,132,order
1748406145.6524532,AAPL,99.57743933053598,391,order
1748406145.7524533,AAPL,99.64982517215947,221,order
1748406145.8524532,AAPL,99.65046951834351,441,order
1748406145.9524531,AAPL,99.57071996682018,494,order
1748406146.0524533,AAPL,99.53178467819764,432,order
1748406146.1524532,AAPL,99.56547284385748,401,order
1748406146.2524533,AAPL,99.60968848903813,168,order
1748406146.3524532,AAPL,99.59447876809125,441,order
1748406146.4524531,AAPL,99.6319061076745,154,order
1748406146.5524533,AAPL,99.70293660602819,114,order
1748406146.6524532,AAPL,99.76159880564808,144,order
1748406146.7524533,AAPL,99.73430051497694,303,order
1748406146.8524532,AAPL,99.7561484843571,323,order
1748406146.9524531,AAPL,99.69035297164079,87,order
1748406147.0524533,AAPL,99.7491907673422,321,order
1748406147.1524532,AAPL,99.75666367239323,141,order
1748406147.2524533,AAPL,99.78714001701715,342,order
1748406147.3524532,AAPL,99.81063007502931,68,order
1748406147.4524531,AAPL,99.82980245782107,120,order
1748406147.5524533,AAPL,99.81385903145845,496,order
1748406147.6524532,AAPL,99.8199130425328,343,order
1748406147.7524533,AAPL,99.87636291558893,152,order
1748406147.8524532,AAPL,99.98924799820111,388,order
1748406147.9524531,AAPL,99.9640042813817,117,order
1748406148.0524533,AAPL,100.00097487441916,377,order
1748406148.1524532,AAPL,99.97160370785801,20,order
1748406148.2524533,AAPL,99.97768922600044,21,order
1748406148.3524532,AAPL,99.90668578594399,287,order
1748406148.4524531,AAPL,99.89419295380469,15,order
1748406148.5524533,AAPL,99.85444666400825,308,order
1748406148.6524532,AAPL,99.94126101423085,404,order
1748406148.7524533,AAPL,99.95062159913337,371,order
1748406148.8524532,AAPL,99.83494329129222,54,order
1748406148.9524531,AAPL,99.8144862624858,260,order
1748406149.0524533,AAPL,99.72736023673173,402,order
1748406149.1524532,AAPL,99.77062001546403,256,order
1748406149.2524533,AAPL,99.80586700022661,141,order
1748406149.3524532,AAPL,99.72192501025948,270,order
1748406149.4524531,AAPL,99.72684982540432,387,order
1748406149.5524533,AAPL,99.75173872488834,238,order
1748406149.6524532,AAPL,99.80320207101424,28,order
1748406149.7524533,AAPL,99.77134032066482,181,order
1748406149.8524532,AAPL,99.8137157111227,344,order
1748406149.9524531,AAPL,99.88516863750249,333,order
1748406150.0524533,AAPL,99.93884299463043,110,order
1748406150.1524532,AAPL,99.97218667398673,298,order
1748406150.2524533,AAPL,99.9775135408147,38,order
1748406150.3524532,AAPL,99.9793521591149,104,order
1748406150.4524531,AAPL,100.00574354766331,434,order
1748406150.5524533,AAPL,100.00721274617983,366,order
1748406150.6524532,AAPL,99.92715419812728,299,order
1748406150.7524533,AAPL,99.8793886690448,291,order
1748406150.8524532,AAPL,99.82976367710239,377,order
1748406150.9524531,AAPL,99.75369228392869,158,order
1748406151.0524533,AAPL,99.70761146236286,469,order
1748406151.1524532,AAPL,99.69222361513901,119,order
1748406151.2524533,AAPL,99.64971466275274,456,order
1748406151.3524532,AAPL,99.63276525055137,92,order
1748406151.4524531,AAPL,99.53313344959396,384,order
1748406151.5524533,AAPL,99.5757439392314,50,order
1748406151.6524532,AAPL,99.5690411803931,193,order
1748406151.7524533,AAPL,99.6553567735651,393,order
1748406151.8524532,AAPL,99.69846250624549,308,order
1748406151.9524531,AAPL,99.68414244547013,247,order
1748406152.0524533,AAPL,99.74972218111934,113,order
1748406152.1524532,AAPL,99.78139169953005,391,order
1748406152.2524533,AAPL,99.79278293076072,409,order
1748406152.3524532,AAPL,99.87968802133253,66,order
1748406152.4524531,AAPL,99.87893204042096,444,order
1748406152.5524533,AAPL,99.92752988999864,139,order
1748406152.6524532,AAPL,99.99503092205694,50,order
1748406152.7524533,AAPL,100.0316743057854,492,order
1748406152.8524532,AAPL,99.997267807479,78,order
1748406152.9524531,AAPL,100.02174177442933,494,order
1748406153.0524533,AAPL,99.99078631103956,108,order
1748406153.1524532,AAPL,99.97942217480438,451,order
1748406153.2524533,AAPL,99.92954822927696,394,order
1748406153.3524532,AAPL,100.00847483536647,317,order
1748406153.4524531,AAPL,99.97922797421933,253,order
1748406153.5524533,AAPL,100.00458454079518,93,order
1748406153.6524532,AAPL,100.09475773673587,56,order
1748406153.7524533,AAPL,100.08442463007962,167,order
1748406153.8524532,AAPL,100.08852296994121,39,order
1748406153.9524531,AAPL,100.06907032780944,243,order
1748406154.0524533,AAPL,100.03622565520848,24,order
1748406154.1524532,AAPL,100.08219303589978,284,order
1748406154.2524533,AAPL,100.08612919706249,219,order
1748406154.3524532,AAPL,100.10824350866328,346,order
1748406154.4524531,AAPL,100.02460837328243,275,order
1748406154.5524533,AAPL,100.0681322333415,117,order
1748406154.6524532,AAPL,100.05009807290699,45,order
1748406154.7524533,AAPL,100.01243239432696,256,order
1748406154.8524532,AAPL,100.08838071414183,17,order
1748406154.9524531,AAPL,100.1495882632508,393,order
1748406155.0524533,AAPL,100.09815131986345,186,order
1748406155.1524532,AAPL,100.08691868459822,186,order
1748406155.2524533,AAPL,100.16605255395064,29,order
1748406155.3524532,AAPL,100.21814558785124,274,order
1748406155.4524531,AAPL,100.2772915216657,198,order
1748406155.5524533,AAPL,100.29419430548751,12,order
1748406155.6524532,AAPL,100.330299995146,435,order
1748406155.7524533,AAPL,100.3205044425435,303,order
1748406155.8524532,AAPL,100.33383156387168,386,order
1748406155.9524531,AAPL,100.34478893186058,395,order
1748406156.0524533,AAPL,100.32794378394182,64,order
1748406156.1524532,AAPL,100.38169485947445,347,order
1748406156.2524533,AAPL,100.3543949096199,439,order
1748406156.3524532,AAPL,100.32659126311462,472,order
1748406156.4524531,AAPL,100.3503977867723,353,order
1748406156.5524533,AAPL,100.28377971071257,35,order
1748406156.6524532,AAPL,100.33254763279142,196,order
1748406156.7524533,AAPL,100.33174990088676,233,order
1748406156.8524532,AAPL,100.34884837369631,424,order
1748406156.9524531,AAPL,100.38871265115695,201,order
1748406157.0524533,AAPL,100.33549492150601,69,order
1748406157.1524532,AAPL,100.30598744276708,153,order
1748406157.2524533,AAPL,100.33202786904947,495,order
1748406157.3524532,AAPL,100.25038123988215,399,order
1748406157.4524531,AAPL,100.24895563394617,401,order
1748406157.5524533,AAPL,100.19329373219132,451,order
1748406157.6524532,AAPL,100.13896752484986,470,order
1748406157.7524533,AAPL,100.09876262288127,356,order
1748406157.8524532,AAPL,100.04245860564185,458,order
1748406157.9524531,AAPL,99.99655148013984,369,order
1748406158.0524533,AAPL,100.02018389494702,217,order
1748406158.1524532,AAPL,100.01521792978185,101,order
1748406158.2524533,AAPL,100.0535389237149,134,order
1748406158.3524532,AAPL,99.98965605163093,469,order
1748406158.4524531,AAPL,99.95663992849227,396,order
1748406158.5524533,AAPL,99.96432605765499,472,order
1748406158.6524532,AAPL,99.95355604055186,417,order
1748406158.7524533,AAPL,99.89275243083023,441,order
1748406158.8524532,AAPL,99.93496511728442,341,order
1748406158.9524531,AAPL,100.0037423932406,51,order
1748406159.0524533,AAPL,99.911064564192,391,order
1748406159.1524532,AAPL,99.90715906538126,71,order
1748406159.2524533,AAPL,99.88060488646987,74,order
1748406159.3524532,AAPL,99.90319640221729,347,order
1748406159.4524531,AAPL,99.85000232712922,25,order
1748406159.5524533,AAPL,99.89703124548973,297,order
1748406159.6524532,AAPL,99.92692633566341,196,order
1748406159.7524533,AAPL,99.91633689453239,337,order
1748406159.8524532,AAPL,99.93631969103151,71,order
1748406159.9524531,AAPL,99.84216375632856,476,order
1748406160.0524533,AAPL,99.85334115360921,206,order
1748406160.1524532,AAPL,99.91849309846044,454,order
1748406160.2524533,AAPL,99.9372296979894,438,order
1748406160.3524532,AAPL,99.90369017037176,183,order
1748406160.4524531,AAPL,99.88064126184324,153,order
1748406160.5524533,AAPL,99.79847608710004,412,order
1748406160.6524532,AAPL,99.83498481604894,63,order
1748406160.7524533,AAPL,99.82992292954401,243,order
1748406160.8524532,AAPL,99.78326118578252,395,order
1748406160.9524531,AAPL,99.73690663707238,353,order
1748406161.0524533,AAPL,99.84349555616292,109,order
1748406161.1524532,AAPL,99.89486763697091,68,order
1748406161.2524533,AAPL,99.86838568776608,348,order
1748406161.3524532,AAPL,99.90540850183535,284,order
1748406161.4524531,AAPL,99.92118513093605,224,order
1748406161.5524533,AAPL,99.90014523976289,428,order
1748406161.6524532,AAPL,99.98897219597188,237,order
1748406161.7524533,AAPL,99.94063888550497,33,order
1748406161.8524532,AAPL,99.96469976443717,25,order
1748406161.9524531,AAPL,99.9182440833691,47,order
1748406162.0524533,AAPL,99.9262488924916,212,order
1748406162.1524532,AAPL,99.9614693186328,498,order
1748406162.2524533,AAPL,99.89605370327001,410,order
1748406162.3524532,AAPL,99.88792171440173,331,order
1748406162.4524531,AAPL,99.9310944804036,128,order
1748406162.5524533,AAPL,99.98749814566845,37,order
1748406162.6524532,AAPL,99.92843135530411,252,order
1748406162.7524533,AAPL,99.94460630631761,461,order
1748406162.8524532,AAPL,99.9279161374534,160,order
1748406162.9524531,AAPL,99.92865625129662,23,order
1748406163.0524533,AAPL,99.9213434561938,100,order
1748406163.1524532,AAPL,99.9049330549263,38,order
1748406163.2524533,AAPL,99.91253825770123,321,order
1748406163.3524532,AAPL,100.00244167465594,262,order
1748406163.4524531,AAPL,100.05558693727076,138,order
1748406163.5524533,AAPL,100.06649674671576,245,order
1748406163.6524532,AAPL,100.1298115441447,210,order
1748406163.7524533,AAPL,100.13053808975039,352,order
1748406163.8524532,AAPL,100.15611229833469,264,order
1748406163.9524531,AAPL,100.19353905792727,48,order
1748406164.0524533,AAPL,100.27976492168338,142,order
1748406164.1524532,AAPL,100.33722503331789,402,order
1748406164.2524533,AAPL,100.29233083861887,179,order
1748406164.3524532,AAPL,100.24971311039377,457,order
1748406164.4524531,AAPL,100.28675226315869,188,order
1748406164.5524533,AAPL,100.2720939697127,271,order
1748406164.6524532,AAPL,100.29849843749258,430,order
1748406164.7524533,AAPL,100.31800946115483,102,order
1748406164.8524532,AAPL,100.31594372014615,30,order
1748406164.9524531,AAPL,100.27013758233107,46,order
1748406165.0524533,AAPL,100.28493396944982,219,order
1748406165.1524532,AAPL,100.23382759358715,305,order
1748406165.2524533,AAPL,100.25026088201838,466,order
1748406165.3524532,AAPL,100.23466802123411,261,order
1748406165.4524531,AAPL,100.25220516809827,383,order
1748406165.5524533,AAPL,100.21285573360505,268,order
1748406165.6524532,AAPL,100.06830153725944,121,order
1748406165.7524533,AAPL,100.06545626691246,477,order
1748406165.8524532,AAPL,100.04877781539794,295,order
1748406165.9524531,AAPL,100.08896690805018,74,order
1748406166.0524533,AAPL,100.10912445914468,366,order
1748406166.1524532,AAPL,100.07345440652193,386,order
1748406166.2524533,AAPL,100.00946849139075,413,order
1748406166.3524532,AAPL,99.9952833927822,110,order
1748406166.4524531,AAPL,100.044343486264,347,order
1748406166.5524533,AAPL,100.11703684034318,118,order
1748406166.6524532,AAPL,100.19402262953453,369,order
1748406166.7524533,AAPL,100.10506829846744,14,order
1748406166.8524532,AAPL,100.09106728198479,104,order
1748406166.9524531,AAPL,100.0627510645591,87,order
1748406167.0524533,AAPL,100.15558934330316,180,order
1748406167.1524532,AAPL,100.16287994182531,312,order
1748406167.2524533,AAPL,100.11570687860007,489,order
1748406167.3524532,AAPL,100.05785171446124,276,order
1748406167.4524531,AAPL,99.99882169826851,443,order
1748406167.5524533,AAPL,100.00249667514659,381,order
1748406167.6524532,AAPL,100.0618576863968,22,order
1748406167.7524533,AAPL,100.09530298388961,55,order
1748406167.8524532,AAPL,100.21048448083151,100,order
1748406167.9524531,AAPL,100.19107677025448,410,order
1748406168.0524533,AAPL,100.19783087160786,342,order
1748406168.1524532,AAPL,100.24966885174238,304,order
1748406168.2524533,AAPL,100.19963416913794,474,order
1748406168.3524532,AAPL,100.23047164145636,384,order
1748406168.4524531,AAPL,100.1641107455804,309,order
1748406168.5524533,AAPL,100.15812059391892,394,order
1748406168.6524532,AAPL,100.08861458991636,18,order
1748406168.7524533,AAPL,100.10358835023963,487,order
1748406168.8524532,AAPL,100.12627644329457,112,order
1748406168.9524531,AAPL,100.15917901178992,53,order
1748406169.0524533,AAPL,100.06627476689766,12,order
1748406169.1524532,AAPL,100.06238033626484,64,order
1748406169.2524533,AAPL,100.10501106342991,405,order
1748406169.3524532,AAPL,100.10630178854574,67,order
1748406169.4524531,AAPL,100.06531137641639,56,order
1748406169.5524533,AAPL,100.03626701232537,67,order
1748406169.6524532,AAPL,100.0909514831654,316,order
1748406169.7524533,AAPL,100.07931509385918,115,order
1748406169.8524532,AAPL,100.13904366361619,44,order
1748406169.9524531,AAPL,100.09848036837958,403,order
1748406170.0524533,AAPL,100.06149042274299,283,order
1748406170.1524532,AAPL,100.04254745353715,442,order
1748406170.2524533,AAPL,99.95437086403065,489,order
1748406170.3524532,AAPL,99.92509157372345,188,order
1748406170.4524531,AAPL,99.98896855123176,387,order
1748406170.5524533,AAPL,100.02974822273953,356,order
1748406170.6524532,AAPL,100.0028200516022,242,order
1748406170.7524533,AAPL,100.03270451437396,268,order
1748406170.8524532,AAPL,99.93883202202532,148,order
1748406170.9524531,AAPL,99.9865355296772,465,order
1748406171.0524533,AAPL,99.95329118632257,43,order
1748406171.1524532,AAPL,99.90324635537866,497,order
1748406171.2524533,AAPL,99.94681609824134,417,order
1748406171.3524532,AAPL,99.97196024549729,46,order
1748406171.4524531,AAPL,99.97363710040264,394,order
1748406171.5524533,AAPL,99.96691588471677,339,order
1748406171.6524532,AAPL,99.96316461591805,204,order
1748406171.7524533,AAPL,99.96506109359869,288,order
1748406171.8524532,AAPL,99.93982612801557,428,order
1748406171.9524531,AAPL,99.90653028532633,324,order
1748406172.0524533,AAPL,99.90158474465778,148,order
1748406172.1524532,AAPL,99.90928050667456,173,order
1748406172.2524533,AAPL,99.874873909197,358,order
1748406172.3524532,AAPL,99.80235653043248,129,order
1748406172.4524531,AAPL,99.8242652737945,389,order
1748406172.5524533,AAPL,99.89675039687944,392,order
1748406172.6524532,AAPL,99.85500651215783,467,order
1748406172.7524533,AAPL,99.86353266940242,249,order
1748406172.8524532,AAPL,99.88492243883911,429,order
1748406172.9524531,AAPL,99.93453416878413,63,order
1748406173.0524533,AAPL,99.99677911405009,407,order
1748406173.1524532,AAPL,100.00997060785838,175,order
1748406173.2524533,AAPL,100.01301438840667,58,order
1748406173.3524532,AAPL,100.03249255447827,207,order
1748406173.4524531,AAPL,100.06510315097022,322,order
1748406173.5524533,AAPL,100.03646949130008,39,order
1748406173.6524532,AAPL,99.93669153148555,279,order
1748406173.7524533,AAPL,99.95679045922168,394,order
1748406173.8524532,AAPL,99.9829108547058,244,order
1748406173.9524531,AAPL,100.00157990362311,36,order
1748406174.0524533,AAPL,99.93321305421385,247,order
1748406174.1524532,AAPL,99.980817187981,30,order
1748406174.2524533,AAPL,99.97539324136484,214,order
1748406174.3524532,AAPL,99.92213271730873,100,order
1748406174.4524531,AAPL,99.87426338412465,333,order
1748406174.5524533,AAPL,99.82389617462724,40,order
1748406174.6524532,AAPL,99.77074912727369,319,order
1748406174.7524533,AAPL,99.6990756196236,234,order
1748406174.8524532,AAPL,99.7515768499612,230,order
1748406174.9524531,AAPL,99.64242043129407,375,order
1748406175.0524533,AAPL,99.58420549438826,275,order
1748406175.1524532,AAPL,99.63128832847643,189,order
1748406175.2524533,AAPL,99.55916512982965,90,order
1748406175.3524532,AAPL,99.50288159966335,376,order
1748406175.4524531,AAPL,99.50428832155096,349,order
1748406175.5524533,AAPL,99.48960368770503,437,order
1748406175.6524532,AAPL,99.55583469612334,243,order
1748406175.7524533,AAPL,99.52287135503006,452,order
1748406175.8524532,AAPL,99.47867740125224,37,order
1748406175.9524531,AAPL,99.44049107966264,336,order
1748406176.0524533,AAPL,99.46761091481125,320,order
1748406176.1524532,AAPL,99.37974832084002,201,order
1748406176.2524533,AAPL,99.39472115509909,239,order
1748406176.3524532,AAPL,99.40116850298388,275,order
1748406176.4524531,AAPL,99.35997541638139,446,order
1748406176.5524533,AAPL,99.30208755481503,429,order
1748406176.6524532,AAPL,99.31356986856683,175,order
1748406176.7524533,AAPL,99.41157014509552,466,order
1748406176.8524532,AAPL,99.31184929840894,313,order
1748406176.9524531,AAPL,99.26765043193953,94,order
1748406177.0524533,AAPL,99.25269230823687,115,order
1748406177.1524532,AAPL,99.19596754651198,29,order
1748406177.2524533,AAPL,99.17256390952227,440,order
1748406177.3524532,AAPL,99.17975473069075,384,order
1748406177.4524531,AAPL,99.08963447382989,264,order
1748406177.5524533,AAPL,99.15334078783133,33,order
1748406177.6524532,AAPL,99.15800344266519,141,order
1748406177.7524533,AAPL,99.21389648731116,387,order
1748406177.8524532,AAPL,99.16230568646903,227,order
1748406177.9524531,AAPL,99.16952742334745,110,order
1748406178.0524533,AAPL,99.08561519752716,204,order
1748406178.1524532,AAPL,99.13463814093289,448,order
1748406178.2524533,AAPL,99.1433846743439,499,order
1748406178.3524532,AAPL,99.19379027433321,162,order
1748406178.4524531,AAPL,99.23477496479819,125,order
1748406178.5524533,AAPL,99.32116382424462,479,order
1748406178.6524532,AAPL,99.34312831319869,190,order
1748406178.7524533,AAPL,99.39301392578462,118,order
1748406178.8524532,AAPL,99.38198752308666,414,order
1748406178.9524531,AAPL,99.44862106759291,228,order
1748406179.0524533,AAPL,99.36811411024081,416,order
1748406179.1524532,AAPL,99.35156869579603,58,order
1748406179.2524533,AAPL,99.28002942272786,183,order
1748406179.3524532,AAPL,99.32090977458822,272,order
1748406179.4524531,AAPL,99.35893320268252,480,order
1748406179.5524533,AAPL,99.34718086486113,121,order
1748406179.6524532,AAPL,99.3128148972991,449,order
1748406179.7524533,AAPL,99.31851850096957,398,order
1748406179.8524532,AAPL,99.32740899594995,498,order
1748406179.9524531,AAPL,99.34637134216395,324,order
1748406180.0524533,AAPL,99.35883272849274,174,order
1748406180.1524532,AAPL,99.37649603467699,372,order
1748406180.2524533,AAPL,99.31476853098526,319,order
1748406180.3524532,AAPL,99.33100886739818,172,order
1748406180.4524531,AAPL,99.3537148650434,149,order
1748406180.5524533,AAPL,99.38775701511376,338,order
1748406180.6524532,AAPL,99.35385792251869,330,order
1748406180.7524533,AAPL,99.36225296592771,418,order
1748406180.8524532,AAPL,99.2544334583907,151,order
1748406180.9524531,AAPL,99.22667463100446,181,order
1748406181.0524533,AAPL,99.22348431293257,373,order
1748406181.1524532,AAPL,99.28074403827996,455,order
1748406181.2524533,AAPL,99.27085856154429,57,order
1748406181.3524532,AAPL,99.31587278033597,100,order
1748406181.4524531,AAPL,99.25504818669117,82,order
1748406181.5524533,AAPL,99.17421932326512,324,order
1748406181.6524532,AAPL,99.22782151928124,479,order
1748406181.7524533,AAPL,99.19898510470134,300,order
1748406181.8524532,AAPL,99.15329852908202,181,order
1748406181.9524531,AAPL,99.050616641695,373,order
1748406182.0524533,AAPL,99.08935956974805,336,order
1748406182.1524532,AAPL,99.0915654092547,237,order
1748406182.2524533,AAPL,99.1171264552326,14,order
1748406182.3524532,AAPL,99.20250083277921,79,order
1748406182.4524531,AAPL,99.27278127010224,419,order
1748406182.5524533,AAPL,99.19559960513925,236,order
1748406182.6524532,AAPL,99.30319206997427,414,order
1748406182.7524533,AAPL,99.28371668556646,126,order
1748406182.8524532,AAPL,99.24017257819166,457,order
1748406182.9524531,AAPL,99.22762342726078,111,order
1748406183.0524533,AAPL,99.20579901693145,28,order
1748406183.1524532,AAPL,99.1500592486369,262,order
1748406183.2524533,AAPL,99.11103778486486,390,order
1748406183.3524532,AAPL,99.27361222068684,489,order
1748406183.4524531,AAPL,99.26571649340707,232,order
1748406183.5524533,AAPL,99.23327131240454,164,order
1748406183.6524532,AAPL,99.28312440069763,204,order
1748406183.7524533,AAPL,99.32393732271511,249,order
1748406183.8524532,AAPL,99.33032210214184,488,order
1748406183.9524531,AAPL,99.3153213599155,136,order
1748406184.0524533,AAPL,99.26753283633904,440,order
1748406184.1524532,AAPL,99.25503651699242,250,order
1748406184.2524533,AAPL,99.1646052155399,121,order
1748406184.3524532,AAPL,99.20620168962002,247,order
1748406184.4524531,AAPL,99.18374006056844,224,order
1748406184.5524533,AAPL,99.15374350745606,471,order
1748406184.6524532,AAPL,99.16431952582205,244,order
1748406184.7524533,AAPL,98.96553448374743,292,order
1748406184.8524532,AAPL,98.90296132671803,236,order
1748406184.9524531,AAPL,98.98703863541034,44,order
1748406185.0524533,AAPL,98.9142967312964,450,order
1748406185.1524532,AAPL,98.90225718044456,140,order
1748406185.2524533,AAPL,98.925776859005,329,order
1748406185.3524532,AAPL,98.95618353669815,244,order
1748406185.4524531,AAPL,98.97572544631332,173,order
1748406185.5524533,AAPL,98.92935278241136,483,order
1748406185.6524532,AAPL,98.99390497224157,132,order
1748406185.7524533,AAPL,98.98352767736618,357,order
1748406185.8524532,AAPL,98.95825210522918,300,order
1748406185.9524531,AAPL,98.90835175673136,494,order
1748406186.0524533,AAPL,98.93672992279014,402,order
1748406186.1524532,AAPL,99.00183527609136,304,order
1748406186.2524533,AAPL,98.87158198709022,107,order
1748406186.3524532,AAPL,98.90818283077043,348,order
1748406186.4524531,AAPL,98.93335713072068,371,order
1748406186.5524533,AAPL,98.90465556902585,244,order
1748406186.6524532,AAPL,98.89450169160756,189,order
1748406186.7524533,AAPL,98.85460037575744,49,order
1748406186.8524532,AAPL,98.74134094768856,300,order
1748406186.9524531,AAPL,98.81974864139433,424,order
1748406187.0524533,AAPL,98.79303756639905,345,order
1748406187.1524532,AAPL,98.81827998165198,293,order
1748406187.2524533,AAPL,98.82441373471966,483,order
1748406187.3524532,AAPL,98.85648618667828,469,order
1748406187.4524531,AAPL,98.8708981531516,204,order
1748406187.5524533,AAPL,98.91102422585031,433,order
1748406187.6524532,AAPL,98.93301141945504,196,order
1748406187.7524533,AAPL,98.9095934186034,229,order
1748406187.8524532,AAPL,98.85511792035187,317,order
1748406187.9524531,AAPL,98.86423770866739,376,order
1748406188.0524533,AAPL,98.90651052812564,428,order
1748406188.1524532,AAPL,98.91560927563751,213,order
1748406188.2524533,AAPL,98.94115506387908,39,order
1748406188.3524532,AAPL,98.82532462294628,482,order
1748406188.4524531,AAPL,98.85112400428908,243,order
1748406188.5524533,AAPL,98.77861211792941,359,order
1748406188.6524532,AAPL,98.82242144756299,11,order
1748406188.7524533,AAPL,98.88755336763079,47,order
1748406188.8524532,AAPL,98.88217654930217,140,order
1748406188.9524531,AAPL,98.98220848424205,272,order
1748406189.0524533,AAPL,98.91552835228049,391,order
1748406189.1524532,AAPL,98.99842123922032,193,order
1748406189.2524533,AAPL,99.02592234320888,341,order
1748406189.3524532,AAPL,99.04335582539387,474,order
1748406189.4524531,AAPL,99.01964339527623,385,order
1748406189.5524533,AAPL,98.9966282628472,270,order
1748406189.6524532,AAPL,99.0164988686885,131,order
1748406189.7524533,AAPL,99.09470529939084,200,order
1748406189.8524532,AAPL,99.0498778266848,157,order
1748406189.9524531,AAPL,99.07318446232013,350,order
1748406190.0524533,AAPL,98.99360553958319,125,order
1748406190.1524532,AAPL,98.93008206696554,104,order
1748406190.2524533,AAPL,98.9590312712718,104,order
1748406190.3524532,AAPL,98.92932873082684,104,order
1748406190.4524531,AAPL,98.9043280563101,296,order
1748406190.5524533,AAPL,98.93610766848285,479,order
1748406190.6524532,AAPL,98.91839742040612,113,order
1748406190.7524533,AAPL,98.95081885882533,498,order
1748406190.8524532,AAPL,98.95114485313067,360,order
1748406190.9524531,AAPL,98.93571023997778,203,order
1748406191.0524533,AAPL,98.98964526456064,282,order
1748406191.1524532,AAPL,99.0322295564462,225,order
1748406191.2524533,AAPL,98.9822559739426,288,order
1748406191.3524532,AAPL,98.97968123155856,135,order
1748406191.4524531,AAPL,99.01042460676362,170,order
1748406191.5524533,AAPL,98.9626256349414,390,order
1748406191.6524532,AAPL,98.94471728174425,109,order
1748406191.7524533,AAPL,98.9265697812049,338,order
1748406191.8524532,AAPL,99.05288832982333,277,order
1748406191.9524531,AAPL,99.11238549612172,150,order
1748406192.0524533,AAPL,99.19588585100013,43,order
1748406192.1524532,AAPL,99.20620550667479,449,order
1748406192.2524533,AAPL,99.13981447746988,307,order
1748406192.3524532,AAPL,99.15829925102841,284,order
1748406192.4524531,AAPL,99.18652876469001,252,order
1748406192.5524533,AAPL,99.2130665524053,376,order
1748406192.6524532,AAPL,99.12760321662766,212,order
1748406192.7524533,AAPL,99.12852768088007,369,order
1748406192.8524532,AAPL,99.17690714129432,210,order
1748406192.9524531,AAPL,99.20617775030081,379,order
1748406193.0524533,AAPL,99.25126758600261,153,order
1748406193.1524532,AAPL,99.27970759864675,83,order
1748406193.2524533,AAPL,99.29758929232662,400,order
1748406193.3524532,AAPL,99.28065803780504,271,order
1748406193.4524531,AAPL,99.2736147053578,355,order
1748406193.5524533,AAPL,99.22089776504383,286,order
1748406193.6524532,AAPL,99.26460622495739,432,order
1748406193.7524533,AAPL,99.34457477602139,160,order
1748406193.8524532,AAPL,99.26521619295448,314,order
1748406193.9524531,AAPL,99.2397877682493,291,order
1748406194.0524533,AAPL,99.31878970200317,378,order
1748406194.1524532,AAPL,99.31883571010063,450,order
1748406194.2524533,AAPL,99.346686518772,467,order
1748406194.3524532,AAPL,99.29908381712187,103,order
1748406194.4524531,AAPL,99.29505142953572,54,order
1748406194.5524533,AAPL,99.42190112833357,236,order
1748406194.6524532,AAPL,99.48977018470714,436,order
1748406194.7524533,AAPL,99.51783627130698,193,order
1748406194.8524532,AAPL,99.49385287404249,415,order
1748406194.9524531,AAPL,99.4798822018268,461,order
1748406195.0524533,AAPL,99.51215129137462,340,order
1748406195.1524532,AAPL,99.51455920109669,216,order
1748406195.2524533,AAPL,99.53597142334257,430,order
1748406195.3524532,AAPL,99.51007436954772,265,order
1748406195.4524531,AAPL,99.53183749738614,315,order
1748406195.5524533,AAPL,99.58760739506785,266,order
1748406195.6524532,AAPL,99.60791027846481,354,order
1748406195.7524533,AAPL,99.61557073415673,170,order
1748406195.8524532,AAPL,99.56624224326204,464,order
1748406195.9524531,AAPL,99.53516849086975,112,order
1748406196.0524533,AAPL,99.45912834480617,414,order
1748406196.1524532,AAPL,99.4317358848407,430,order
1748406196.2524533,AAPL,99.3745851903204,196,order
1748406196.3524532,AAPL,99.44507355151227,334,order
1748406196.4524531,AAPL,99.42630789035874,43,order
1748406196.5524533,AAPL,99.38730905319373,29,order
1748406196.6524532,AAPL,99.41214758331911,278,order
1748406196.7524533,AAPL,99.42447449947547,361,order
1748406196.8524532,AAPL,99.35221069283722,142,order
1748406196.9524531,AAPL,99.38686389247064,422,order
1748406197.0524533,AAPL,99.34265811032607,357,order
1748406197.1524532,AAPL,99.3347464074038,237,order
1748406197.2524533,AAPL,99.27822662287727,318,order
1748406197.3524532,AAPL,99.20885158253577,474,order
1748406197.4524531,AAPL,99.27029953734673,259,order
1748406197.5524533,AAPL,99.28651673554165,140,order
1748406197.6524532,AAPL,99.29138411293229,39,order
1748406197.7524533,AAPL,99.29723078500618,188,order
1748406197.8524532,AAPL,99.28197762356935,167,order
1748406197.9524531,AAPL,99.25460014523443,450,order
1748406198.0524533,AAPL,99.32818272531125,50,order
1748406198.1524532,AAPL,99.3534789736437,47,order
1748406198.2524533,AAPL,99.39833270462498,364,order
1748406198.3524532,AAPL,99.43204529776347,208,order
1748406198.4524531,AAPL,99.4786025578444,117,order
1748406198.5524533,AAPL,99.50081231981369,31,order
1748406198.6524532,AAPL,99.46314859685857,183,order
1748406198.7524533,AAPL,99.53874725367267,311,order
1748406198.8524532,AAPL,99.49454202257867,443,order
1748406198.9524531,AAPL,99.46969528542319,54,order
1748406199.0524533,AAPL,99.52587577190802,317,order
1748406199.1524532,AAPL,99.53695428199481,473,order
1748406199.2524533,AAPL,99.59639669065254,366,order
1748406199.3524532,AAPL,99.60599047948429,478,order
1748406199.4524531,AAPL,99.56678006466038,35,order
1748406199.5524533,AAPL,99.5474422258654,146,order
1748406199.6524532,AAPL,99.66155482789407,364,order
1748406199.7524533,AAPL,99.71063696424251,248,order
1748406199.8524532,AAPL,99.6664456555254,351,order
1748406199.9524531,AAPL,99.63744444948524,321,order
1748406200.0524533,AAPL,99.58472556079461,292,order
1748406200.1524532,AAPL,99.57442209670236,58,order
1748406200.2524533,AAPL,99.66716286041645,147,order
1748406200.3524532,AAPL,99.59872705486733,332,order
1748406200.4524531,AAPL,99.54923152532967,419,order
1748406200.5524533,AAPL,99.53717071868667,413,order
1748406200.6524532,AAPL,99.51718583192711,141,order
1748406200.7524533,AAPL,99.59415024273137,149,order
1748406200.8524532,AAPL,99.59109001813111,100,order
1748406200.9524531,AAPL,99.65745055542241,482,order
1748406201.0524533,AAPL,99.7046844425029,244,order
1748406201.1524532,AAPL,99.6930572830202,381,order
1748406201.2524533,AAPL,99.77407557863415,250,order
1748406201.3524532,AAPL,99.7348890618236,158,order
1748406201.4524531,AAPL,99.8029907491582,78,order
1748406201.5524533,AAPL,99.81270124062111,433,order
1748406201.6524532,AAPL,99.78230440231518,300,order
1748406201.7524533,AAPL,99.81655366623811,488,order
1748406201.8524532,AAPL,99.9186772383621,88,order
1748406201.9524531,AAPL,100.02277444280105,34,order
1748406202.0524533,AAPL,99.99069613899648,145,order
1748406202.1524532,AAPL,99.98678315334891,103,order
1748406202.2524533,AAPL,99.9210796413618,201,order
1748406202.3524532,AAPL,99.95200333710372,223,order
1748406202.4524531,AAPL,100.0148203661354,141,order
1748406202.5524533,AAPL,100.01478759860969,419,order
1748406202.6524532,AAPL,100.03677539451488,92,order
1748406202.7524533,AAPL,99.92496158594555,234,order
1748406202.8524532,AAPL,99.87850669602334,438,order
1748406202.9524531,AAPL,99.87935034666741,398,order
1748406203.0524533,AAPL,99.90347951022898,99,order
1748406203.1524532,AAPL,99.88726274066633,322,order
1748406203.2524533,AAPL,99.86024591581274,379,order
1748406203.3524532,AAPL,99.86586728044394,466,order
1748406203.4524531,AAPL,99.83140716535904,159,order
1748406203.5524533,AAPL,99.92082241876649,352,order
1748406203.6524532,AAPL,99.86988916262885,252,order
1748406203.7524533,AAPL,99.92548646855829,468,order
1748406203.8524532,AAPL,99.86342265682268,66,order
1748406203.9524531,AAPL,99.9808020108271,410,order
1748406204.0524533,AAPL,99.95800044553499,434,order
1748406204.1524532,AAPL,99.88409432917257,90,order
1748406204.2524533,AAPL,99.92026370718379,411,order
1748406204.3524532,AAPL,99.90247789501072,223,order
1748406204.4524531,AAPL,99.90799071015621,331,order
1748406204.5524533,AAPL,99.89833569300065,383,order
1748406204.6524532,AAPL,99.86014461447068,309,order
1748406204.7524533,AAPL,99.85109454446683,173,order
1748406204.8524532,AAPL,99.83384929785215,388,order
1748406204.9524531,AAPL,99.86334537051299,351,order
1748406205.0524533,AAPL,99.94692971241007,135,order
1748406205.1524532,AAPL,99.98671787980162,469,order
1748406205.2524533,AAPL,99.91673698166261,47,order
1748406205.3524532,AAPL,99.919264305207,199,order
1748406205.4524531,AAPL,99.9357181227503,127,order
1748406205.5524533,AAPL,99.94772742363418,393,order
1748406205.6524532,AAPL,100.0752784536395,479,order
1748406205.7524533,AAPL,100.09729003009696,191,order
1748406205.8524532,AAPL,100.04590931089834,464,order
1748406205.9524531,AAPL,100.04115181471961,462,order
1748406206.0524533,AAPL,100.07816056381778,254,order
1748406206.1524532,AAPL,100.08324548575506,52,order
1748406206.2524533,AAPL,100.1039915828049,105,order
1748406206.3524532,AAPL,100.09102501663175,417,order
1748406206.4524531,AAPL,100.09788940482677,392,order
1748406206.5524533,AAPL,100.1330317329952,116,order
1748406206.6524532,AAPL,100.15028875415123,336,order
1748406206.7524533,AAPL,100.12704863820281,498,order
1748406206.8524532,AAPL,100.11408018896893,395,order
1748406206.9524531,AAPL,100.21674529308244,126,order
1748406207.0524533,AAPL,100.19204091912047,233,order
1748406207.1524532,AAPL,100.16007706167562,455,order
1748406207.2524533,AAPL,100.17043224954385,99,order
1748406207.3524532,AAPL,100.22756179625225,52,order
1748406207.4524531,AAPL,100.27657452296816,179,order
1748406207.5524533,AAPL,100.24979905877096,432,order
1748406207.6524532,AAPL,100.3112207440859,277,order
1748406207.7524533,AAPL,100.23963180154217,182,order
1748406207.8524532,AAPL,100.26358791504823,171,order
1748406207.9524531,AAPL,100.24337596791159,376,order
1748406208.0524533,AAPL,100.17741363454708,484,order
1748406208.1524532,AAPL,100.22156620465368,419,order
1748406208.2524533,AAPL,100.29027328428987,491,order
1748406208.3524532,AAPL,100.31742338385186,338,order
1748406208.4524531,AAPL,100.26046564156039,261,order
1748406208.5524533,AAPL,100.37704216790884,179,order
1748406208.6524532,AAPL,100.32835313386833,116,order
1748406208.7524533,AAPL,100.32239659364842,52,order
1748406208.8524532,AAPL,100.33866241751338,310,order
1748406208.9524531,AAPL,100.37216992330774,312,order
1748406209.0524533,AAPL,100.43949905708354,230,order
1748406209.1524532,AAPL,100.48040977312304,100,order
1748406209.2524533,AAPL,100.56225936962578,240,order
1748406209.3524532,AAPL,100.53446397794413,91,order
1748406209.4524531,AAPL,100.56521638580372,61,order
1748406209.5524533,AAPL,100.53775611256235,102,order
1748406209.6524532,AAPL,100.47132574171533,265,order
1748406209.7524533,AAPL,100.48080013862223,341,order
1748406209.8524532,AAPL,100.47095023011337,27,order
1748406209.9524531,AAPL,100.53730050674173,230,order
1748406210.0524533,AAPL,100.46848723832044,377,order
1748406210.1524532,AAPL,100.42718645304764,53,order
1748406210.2524533,AAPL,100.47930586132478,175,order
1748406210.3524532,AAPL,100.5213810055744,178,order
1748406210.4524531,AAPL,100.50330120413676,226,order
1748406210.5524533,AAPL,100.61893737351383,162,order
1748406210.6524532,AAPL,100.56435300698604,446,order
1748406210.7524533,AAPL,100.62896021935055,381,order
1748406210.8524532,AAPL,100.58768163362177,255,order
1748406210.9524531,AAPL,100.69666422268497,313,order
1748406211.0524533,AAPL,100.68653105423363,51,order
1748406211.1524532,AAPL,100.64258291153064,46,order
1748406211.2524533,AAPL,100.58167918757614,344,order
1748406211.3524532,AAPL,100.59195715880098,352,order
1748406211.4524531,AAPL,100.59826034097024,29,order
1748406211.5524533,AAPL,100.45733871023812,483,order
1748406211.6524532,AAPL,100.49199391665421,258,order
1748406211.7524533,AAPL,100.42445466842142,185,order
1748406211.8524532,AAPL,100.55421762528805,498,order
1748406211.9524531,AAPL,100.6299664395766,396,order
1748406212.0524533,AAPL,100.61031873457988,388,order
1748406212.1524532,AAPL,100.59086969017773,240,order
1748406212.2524533,AAPL,100.57593674266812,423,order
1748406212.3524532,AAPL,100.55777108555048,348,order
1748406212.4524531,AAPL,100.63097747137991,241,order
1748406212.5524533,AAPL,100.6258511526023,487,order
1748406212.6524532,AAPL,100.49014988864873,453,order
1748406212.7524533,AAPL,100.48485002668706,247,order
1748406212.8524532,AAPL,100.46656543873178,226,order
1748406212.9524531,AAPL,100.46656883016303,389,order
1748406213.0524533,AAPL,100.37487697638608,420,order
1748406213.1524532,AAPL,100.40768599501104,491,order
1748406213.2524533,AAPL,100.46520470254704,480,order
1748406213.3524532,AAPL,100.46287251841012,119,order
1748406213.4524531,AAPL,100.39924347583417,333,order
1748406213.5524533,AAPL,100.38902876781361,247,order
1748406213.6524532,AAPL,100.39107031627006,229,order
1748406213.7524533,AAPL,100.53333722751206,449,order
1748406213.8524532,AAPL,100.52841306128312,226,order
1748406213.9524531,AAPL,100.5703529661565,13,order
1748406214.0524533,AAPL,100.5654706382648,333,order
1748406214.1524532,AAPL,100.52664684853161,186,order
1748406214.2524533,AAPL,100.47656665897462,408,order
1748406214.3524532,AAPL,100.35836210887234,427,order
1748406214.4524531,AAPL,100.3073080823994,471,order
1748406214.5524533,AAPL,100.31833467208752,123,order
1748406214.6524532,AAPL,100.36525325128596,164,order
1748406214.7524533,AAPL,100.3260434466918,405,order
1748406214.8524532,AAPL,100.23589131879464,169,order
1748406214.9524531,AAPL,100.1288650746869,254,order
1748406215.0524533,AAPL,100.11600356088431,159,order
1748406215.1524532,AAPL,100.12514696738445,359,order
1748406215.2524533,AAPL,100.17228609052341,475,order
1748406215.3524532,AAPL,100.07202214555672,207,order
1748406215.4524531,AAPL,100.05380913382876,104,order
1748406215.5524533,AAPL,100.09899904199341,268,order
1748406215.6524532,AAPL,100.00177823391616,289,order
1748406215.7524533,AAPL,100.03849989291781,331,order
1748406215.8524532,AAPL,100.05094891798689,317,order
1748406215.9524531,AAPL,100.02228551846662,334,order
1748406216.0524533,AAPL,99.96991817788826,76,order
1748406216.1524532,AAPL,100.06574829812581,100,order
1748406216.2524533,AAPL,100.09644910007417,92,order
1748406216.3524532,AAPL,99.9563111853744,435,order
1748406216.4524531,AAPL,100.04189735167678,426,order
1748406216.5524533,AAPL,100.04242803922838,180,order
1748406216.6524532,AAPL,100.01562985098145,474,order
1748406216.7524533,AAPL,100.09355041816877,62,order
1748406216.8524532,AAPL,100.04227525715449,133,order
1748406216.9524531,AAPL,100.00252497610475,417,order
1748406217.0524533,AAPL,100.06159856954692,168,order
1748406217.1524532,AAPL,100.07472010965476,154,order
1748406217.2524533,AAPL,100.02311805236988,219,order
1748406217.3524532,AAPL,99.99748897155696,484,order
1748406217.4524531,AAPL,99.99995691536449,449,order
1748406217.5524533,AAPL,100.01983404752733,228,order
1748406217.6524532,AAPL,100.06593799642926,412,order
1748406217.7524533,AAPL,100.08679639273122,26,order
1748406217.8524532,AAPL,100.07368036384352,11,order
1748406217.9524531,AAPL,100.01939102509043,491,order
1748406218.0524533,AAPL,100.12089053435864,181,order
1748406218.1524532,AAPL,100.09124062967409,143,order
1748406218.2524533,AAPL,100.07484493013031,462,order
1748406218.3524532,AAPL,100.06350030122819,166,order
1748406218.4524531,AAPL,100.00817960367748,474,order
1748406218.5524533,AAPL,99.9176612922876,487,order
1748406218.6524532,AAPL,100.00194879857304,257,order
1748406218.7524533,AAPL,99.99029852592524,208,order
1748406218.8524532,AAPL,99.97429151506527,37,order
1748406218.9524531,AAPL,99.94790053326867,100,order
1748406219.0524533,AAPL,99.9370049489131,224,order
1748406219.1524532,AAPL,100.00327602710736,41,order
1748406219.2524533,AAPL,100.03087764779104,290,order
1748406219.3524532,AAPL,100.02662555291674,496,order
1748406219.4524531,AAPL,100.00658988553555,269,order
1748406219.5524533,AAPL,99.92760650804286,318,order
1748406219.6524532,AAPL,99.99674057357056,262,order
1748406219.7524533,AAPL,100.02633718977665,448,order
1748406219.8524532,AAPL,100.08550685777472,178,order
1748406219.9524531,AAPL,100.03835556969624,394,order
1748406220.0524533,AAPL,100.08873643537437,364,order
1748406220.1524532,AAPL,100.09478924702599,127,order
1748406220.2524533,AAPL,100.04822054794936,451,order
1748406220.3524532,AAPL,100.04319367627006,82,order
1748406220.4524531,AAPL,100.0694614516247,481,order
1748406220.5524533,AAPL,100.10898992406315,190,order
1748406220.6524532,AAPL,100.06153136534422,399,order
1748406220.7524533,AAPL,100.071651467492,447,order
1748406220.8524532,AAPL,99.97082023990936,250,order
1748406220.9524531,AAPL,100.01127501894699,393,order
1748406221.0524533,AAPL,100.06258978685254,439,order
1748406221.1524532,AAPL,100.18514643734105,341,order
1748406221.2524533,AAPL,100.16132947511213,358,order
1748406221.3524532,AAPL,100.17636012643402,290,order
1748406221.4524531,AAPL,100.12759739046477,361,order
1748406221.5524533,AAPL,100.14940653557296,393,order
1748406221.6524532,AAPL,100.2187658864202,418,order
1748406221.7524533,AAPL,100.25441126857977,116,order
1748406221.8524532,AAPL,100.1751038335042,23,order
1748406221.9524531,AAPL,100.220309177776,361,order
1748406222.0524533,AAPL,100.2694764337274,312,order
1748406222.1524532,AAPL,100.26190052492838,228,order
1748406222.2524533,AAPL,100.29701181044464,283,order
1748406222.3524532,AAPL,100.14405174790365,484,order
1748406222.4524531,AAPL,100.2248230858897,71,order
1748406222.5524533,AAPL,100.24984686600051,115,order
1748406222.6524532,AAPL,100.3334664867936,474,order
1748406222.7524533,AAPL,100.35301917056297,436,order
1748406222.8524532,AAPL,100.36263692458694,339,order
1748406222.9524531,AAPL,100.34978498007757,403,order
1748406223.0524533,AAPL,100.34737542002317,441,order
1748406223.1524532,AAPL,100.32424677736263,226,order
1748406223.2524533,AAPL,100.39413402387406,179,order
1748406223.3524532,AAPL,100.34359962083266,111,order
1748406223.4524531,AAPL,100.39563152469972,428,order
1748406223.5524533,AAPL,100.3737860271614,215,order
1748406223.6524532,AAPL,100.39941889964801,383,order
1748406223.7524533,AAPL,100.49580821283614,128,order
1748406223.8524532,AAPL,100.52150016749174,235,order
1748406223.9524531,AAPL,100.47536531626997,99,order
1748406224.0524533,AAPL,100.51702832176727,127,order
1748406224.1524532,AAPL,100.53230390405714,130,order
1748406224.2524533,AAPL,100.53027433755788,257,order
1748406224.3524532,AAPL,100.50603151198223,493,order
1748406224.4524531,AAPL,100.4257230541934,475,order
1748406224.5524533,AAPL,100.36083579470011,354,order
1748406224.6524532,AAPL,100.3736374330237,64,order
1748406224.7524533,AAPL,100.3474375625438,13,order
1748406224.8524532,AAPL,100.38061654779818,86,order
1748406224.9524531,AAPL,100.44299151195486,394,order
1748406225.0524533,AAPL,100.41140857525245,21,order
1748406225.1524532,AAPL,100.38547699779832,366,order
1748406225.2524533,AAPL,100.37248840816697,18,order
1748406225.3524532,AAPL,100.44837325143705,184,order
1748406225.4524531,AAPL,100.42560624256276,365,order
1748406225.5524533,AAPL,100.45133604041521,333,order
1748406225.6524532,AAPL,100.47271830323734,81,order
1748406225.7524533,AAPL,100.47999192412446,184,order
1748406225.8524532,AAPL,100.50621599606315,46,order
1748406225.9524531,AAPL,100.49145970367334,68,order
1748406226.0524533,AAPL,100.4545430247032,441,order
1748406226.1524532,AAPL,100.49739726635903,499,order
1748406226.2524533,AAPL,100.52608016223377,97,order
1748406226.3524532,AAPL,100.45084820181435,84,order
1748406226.4524531,AAPL,100.52929198233207,388,order
1748406226.5524533,AAPL,100.68773555745194,472,order
1748406226.6524532,AAPL,100.6460611992008,490,order
1748406226.7524533,AAPL,100.5762720881877,202,order
1748406226.8524532,AAPL,100.6723264710365,365,order
1748406226.9524531,AAPL,100.66627090472254,298,order
1748406227.0524533,AAPL,100.66659129373528,149,order
1748406227.1524532,AAPL,100.68983802434826,123,order
1748406227.2524533,AAPL,100.68539025251664,202,order
1748406227.3524532,AAPL,100.75445928972162,439,order
1748406227.4524531,AAPL,100.88498352121681,295,order
1748406227.5524533,AAPL,100.88893015353239,360,order
1748406227.6524532,AAPL,100.98064899616844,478,order
1748406227.7524533,AAPL,100.93893482032304,86,order
1748406227.8524532,AAPL,100.99125385363534,113,order
1748406227.9524531,AAPL,100.95075964454949,27,order
1748406228.0524533,AAPL,100.95969071043886,253,order
1748406228.1524532,AAPL,100.94031099197323,224,order
1748406228.2524533,AAPL,100.91773970201524,431,order
1748406228.3524532,AAPL,100.99633342067258,130,order
1748406228.4524531,AAPL,101.01916778750272,247,order
1748406228.5524533,AAPL,101.01145797779132,220,order
1748406228.6524532,AAPL,101.07378562683286,38,order
1748406228.7524533,AAPL,101.03201403887338,45,order
1748406228.8524532,AAPL,101.00978707696765,182,order
1748406228.9524531,AAPL,101.11741083354578,54,order
1748406229.0524533,AAPL,101.17413090551162,183,order
1748406229.1524532,AAPL,101.16239360574372,496,order
1748406229.2524533,AAPL,101.18828838392002,122,order
1748406229.3524532,AAPL,101.19527695451922,123,order
1748406229.4524531,AAPL,101.19541804124044,234,order
1748406229.5524533,AAPL,101.29636739207021,399,order
1748406229.6524532,AAPL,101.28873444261276,272,order
1748406229.7524533,AAPL,101.31817668859266,10,order
1748406229.8524532,AAPL,101.29951566195044,304,order
1748406229.9524531,AAPL,101.28089031632979,452,order
1748406230.0524533,AAPL,101.2537665641945,68,order
1748406230.1524532,AAPL,101.335508803039,97,order
1748406230.2524533,AAPL,101.3299741133822,153,order
1748406230.3524532,AAPL,101.32628789866331,395,order
1748406230.4524531,AAPL,101.32734040763727,256,order
1748406230.5524533,AAPL,101.356654456604,243,order
1748406230.6524532,AAPL,101.45282295245434,283,order
1748406230.7524533,AAPL,101.52900357260307,450,order
1748406230.8524532,AAPL,101.53445292778704,142,order
1748406230.9524531,AAPL,101.5679954618011,442,order
1748406231.0524533,AAPL,101.61965630159183,37,order
1748406231.1524532,AAPL,101.643930896149,35,order
1748406231.2524533,AAPL,101.662372524738,268,order
1748406231.3524532,AAPL,101.68581331286724,165,order
1748406231.4524531,AAPL,101.67141246805875,305,order
1748406231.5524533,AAPL,101.70475626601804,489,order
1748406231.6524532,AAPL,101.69229246913547,313,order
1748406231.7524533,AAPL,101.74222885919534,303,order
1748406231.8524532,AAPL,101.75808600039268,367,order
1748406231.9524531,AAPL,101.7623090108974,146,order
1748406232.0524533,AAPL,101.76672431374794,490,order
1748406232.1524532,AAPL,101.72507041526012,265,order
1748406232.2524533,AAPL,101.7420299920436,137,order
1748406232.3524532,AAPL,101.79489609919587,307,order
1748406232.4524531,AAPL,101.82823866966712,22,order
1748406232.5524533,AAPL,101.81524255903697,343,order
1748406232.6524532,AAPL,101.799362216241,378,order
1748406232.7524533,AAPL,101.83399187370767,68,order
1748406232.8524532,AAPL,101.82436992091765,356,order
1748406232.9524531,AAPL,101.85046436061282,399,order
1748406233.0524533,AAPL,101.82078757031869,117,order
1748406233.1524532,AAPL,101.8359406071334,438,order
1748406233.2524533,AAPL,101.82510521702397,318,order
1748406233.3524532,AAPL,101.7914858720442,185,order
1748406233.4524531,AAPL,101.7632926293933,13,order
1748406233.5524533,AAPL,101.84800138342499,287,order
1748406233.6524532,AAPL,101.77097118984653,429,order
1748406233.7524533,AAPL,101.88162162084942,15,order
1748406233.8524532,AAPL,101.87383021838477,145,order
1748406233.9524531,AAPL,101.88509467296964,211,order
1748406234.0524533,AAPL,101.91023487173035,54,order
1748406234.1524532,AAPL,101.95611306099823,320,order
1748406234.2524533,AAPL,101.97943293455778,49,order
1748406234.3524532,AAPL,101.93859110235417,99,order
1748406234.4524531,AAPL,101.87077159455856,394,order
1748406234.5524533,AAPL,101.89582273663505,297,order
1748406234.6524532,AAPL,101.88587081010984,184,order
1748406234.7524533,AAPL,101.98366919906378,394,order
1748406234.8524532,AAPL,101.92820032719573,428,order
1748406234.9524531,AAPL,101.93856353359403,327,order
1748406235.0524533,AAPL,101.84530655938406,486,order
1748406235.1524532,AAPL,101.86462663784776,77,order
1748406235.2524533,AAPL,101.93264866880122,101,order
1748406235.3524532,AAPL,101.97562906692333,493,order
1748406235.4524531,AAPL,101.95444533331656,451,order
1748406235.5524533,AAPL,101.99546381264904,403,order
1748406235.6524532,AAPL,102.03338197408686,58,order
1748406235.7524533,AAPL,102.05585832351802,430,order
1748406235.8524532,AAPL,102.03957791997496,230,order
1748406235.9524531,AAPL,102.04286045809219,134,order
1748406236.0524533,AAPL,102.03707914747591,85,order
1748406236.1524532,AAPL,102.09912523059116,394,order
1748406236.2524533,AAPL,102.13181646926749,469,order
1748406236.3524532,AAPL,102.21275284155149,46,order
1748406236.4524531,AAPL,102.27004596263411,461,order
1748406236.5524533,AAPL,102.31918130886464,154,order
1748406236.6524532,AAPL,102.3614732688392,117,order
1748406236.7524533,AAPL,102.33467316063222,257,order
1748406236.8524532,AAPL,102.33178839473294,333,order
1748406236.9524531,AAPL,102.25281816914904,234,order
1748406237.0524533,AAPL,102.13304340216207,342,order
1748406237.1524532,AAPL,102.07789751459354,71,order
1748406237.2524533,AAPL,102.05598013036243,402,order
1748406237.3524532,AAPL,102.01902168974173,440,order
1748406237.4524531,AAPL,102.02040511486726,488,order
1748406237.5524533,AAPL,102.04679114285604,138,order
1748406237.6524532,AAPL,102.05304150544376,258,order
1748406237.7524533,AAPL,102.0745900872511,368,order
1748406237.8524532,AAPL,102.0709742889857,63,order
1748406237.9524531,AAPL,102.03737507435537,486,order
1748406238.0524533,AAPL,102.01698281404846,463,order
1748406238.1524532,AAPL,102.07300745805564,63,order
1748406238.2524533,AAPL,102.0204378984144,315,order
1748406238.3524532,AAPL,101.96466471071842,70,order
1748406238.4524531,AAPL,101.93693283556185,236,order
1748406238.5524533,AAPL,101.87406392837036,212,order
1748406238.6524532,AAPL,101.88915939518385,246,order
1748406238.7524533,AAPL,101.87499922949834,369,order
1748406238.8524532,AAPL,101.83572738998198,428,order
1748406238.9524531,AAPL,101.82366179030511,120,order
1748406239.0524533,AAPL,101.82109072900897,498,order
1748406239.1524532,AAPL,101.79288281516851,247,order
1748406239.2524533,AAPL,101.73182053972083,11,order
1748406239.3524532,AAPL,101.79626638168891,183,order
1748406239.4524531,AAPL,101.84467358027567,460,order
1748406239.5524533,AAPL,101.87569388083905,109,order
1748406239.6524532,AAPL,101.76241846123288,130,order
1748406239.7524533,AAPL,101.81548950306735,362,order
1748406239.8524532,AAPL,101.81776107774384,238,order
1748406239.9524531,AAPL,101.79093330968007,190,order
1748406240.0524533,AAPL,101.90641867215489,333,order
1748406240.1524532,AAPL,101.9227606026146,357,order
1748406240.2524533,AAPL,101.8252478105603,427,order
1748406240.3524532,AAPL,101.87933757360378,77,order
1748406240.4524531,AAPL,101.8074751023423,382,order
1748406240.5524533,AAPL,101.79962650915421,124,order
1748406240.6524532,AAPL,101.76044851301799,245,order
1748406240.7524533,AAPL,101.85444152088516,479,order
1748406240.8524532,AAPL,101.86727142437083,278,order
1748406240.9524531,AAPL,101.87265131897777,107,order
1748406241.0524533,AAPL,101.78142032352957,104,order
1748406241.1524532,AAPL,101.78194134878181,395,order
1748406241.2524533,AAPL,101.86488421043698,360,order
1748406241.3524532,AAPL,101.87044807623491,497,order
1748406241.4524531,AAPL,101.97532565397113,171,order
1748406241.5524533,AAPL,102.02480539460966,235,order
1748406241.6524532,AAPL,101.9652272841367,13,order
1748406241.7524533,AAPL,102.01564408759427,117,order
1748406241.8524532,AAPL,101.99997527662633,262,order
1748406241.9524531,AAPL,102.06357172870214,229,order
1748406242.0524533,AAPL,102.00874201542156,390,order
1748406242.1524532,AAPL,101.91867893384678,345,order
1748406242.2524533,AAPL,101.89780383768779,162,order
1748406242.3524532,AAPL,101.91562422708604,320,order
1748406242.4524531,AAPL,101.96554944530403,347,order
1748406242.5524533,AAPL,102.03322269341692,219,order
1748406242.6524532,AAPL,102.03553867535366,214,order
1748406242.7524533,AAPL,102.02467794170029,387,order
1748406242.8524532,AAPL,102.07242366457096,231,order
1748406242.9524531,AAPL,102.02386104267015,420,order
1748406243.0524533,AAPL,102.01190238823685,127,order
1748406243.1524532,AAPL,102.02444391498481,117,order
1748406243.2524533,AAPL,102.05881806166002,369,order
1748406243.3524532,AAPL,102.08981144548764,489,order
1748406243.4524531,AAPL,102.04952628545769,97,order
1748406243.5524533,AAPL,102.0764227725186,320,order
1748406243.6524532,AAPL,102.06527247338693,425,order
1748406243.7524533,AAPL,102.08051191932206,242,order
1748406243.8524532,AAPL,102.07108014276467,359,order
1748406243.9524531,AAPL,102.01302387214163,81,order
1748406244.0524533,AAPL,102.0244110543511,38,order
1748406244.1524532,AAPL,102.00268836789999,261,order
1748406244.2524533,AAPL,101.99607445816501,120,order
1748406244.3524532,AAPL,102.01249303053021,361,order
1748406244.4524531,AAPL,101.9291539294638,182,order
1748406244.5524533,AAPL,101.92682782241961,444,order
1748406244.6524532,AAPL,101.90782740452546,253,order
1748406244.7524533,AAPL,101.88485887346737,28,order
1748406244.8524532,AAPL,101.89890372351051,298,order
1748406244.9524531,AAPL,101.97468849988127,466,order
1748406245.0524533,AAPL,101.9401919527177,81,order
1748406245.1524532,AAPL,101.98359948717423,216,order
1748406245.2524533,AAPL,101.95166531947757,284,order
1748406245.3524532,AAPL,101.8665864731581,22,order
1748406245.4524531,AAPL,101.90357099535018,120,order
1748406245.5524533,AAPL,101.81263837352368,382,order
1748406245.6524532,AAPL,101.83371030094202,217,order
1748406245.7524533,AAPL,101.72783707104406,356,order
1748406245.8524532,AAPL,101.67667060519497,338,order
1748406245.9524531,AAPL,101.62964966826743,372,order
1748406246.0524533,AAPL,101.57107172599322,362,order
1748406246.1524532,AAPL,101.53975930296826,477,order
1748406246.2524533,AAPL,101.49615823863618,377,order
1748406246.3524532,AAPL,101.54956031180137,178,order
1748406246.4524531,AAPL,101.55729673249215,437,order
1748406246.5524533,AAPL,101.53834803671437,132,order
1748406246.6524532,AAPL,101.53322094702834,79,order
1748406246.7524533,AAPL,101.50245679555998,382,order
1748406246.8524532,AAPL,101.393784210701,481,order
1748406246.9524531,AAPL,101.4004617300793,122,order
1748406247.0524533,AAPL,101.37544525253242,72,order
1748406247.1524532,AAPL,101.33458063540695,321,order
1748406247.2524533,AAPL,101.39544085692714,177,order
1748406247.3524532,AAPL,101.35382367504614,90,order
1748406247.4524531,AAPL,101.31619118727929,166,order
1748406247.5524533,AAPL,101.36736055080557,311,order
1748406247.6524532,AAPL,101.32268635217577,408,order
1748406247.7524533,AAPL,101.32752788906744,157,order
1748406247.8524532,AAPL,101.29285245225127,56,order
1748406247.9524531,AAPL,101.25349645931355,155,order
1748406248.0524533,AAPL,101.26500359147875,350,order
1748406248.1524532,AAPL,101.23322397106355,280,order
1748406248.2524533,AAPL,101.14911196034252,441,order
1748406248.3524532,AAPL,101.14900823002678,316,order
1748406248.4524531,AAPL,101.1186857361549,328,order
1748406248.5524533,AAPL,101.12746098174189,186,order
1748406248.6524532,AAPL,101.22289733327781,279,order
1748406248.7524533,AAPL,101.15756818223218,76,order
1748406248.8524532,AAPL,101.23407107062886,271,order
1748406248.9524531,AAPL,101.2838948738271,115,order
1748406249.0524533,AAPL,101.31520928911925,348,order
1748406249.1524532,AAPL,101.2551910696613,163,order
1748406249.2524533,AAPL,101.2314916418122,447,order
1748406249.3524532,AAPL,101.32989112766771,438,order
1748406249.4524531,AAPL,101.38826986473822,359,order
1748406249.5524533,AAPL,101.29353721115031,378,order
1748406249.6524532,AAPL,101.26974168538915,212,order
1748406249.7524533,AAPL,101.31140527626832,228,order
1748406249.8524532,AAPL,101.34512969436345,410,order
1748406249.9524531,AAPL,101.37455521169501,205,order
1748406250.0524533,AAPL,101.29040457616723,377,order
1748406250.1524532,AAPL,101.21009284879538,295,order
1748406250.2524533,AAPL,101.15588929132565,73,order
1748406250.3524532,AAPL,101.09297710417135,255,order
1748406250.4524531,AAPL,101.23386498747372,41,order
1748406250.5524533,AAPL,101.12937783369298,327,order
1748406250.6524532,AAPL,101.11920240239283,421,order
1748406250.7524533,AAPL,101.07569027500331,428,order
1748406250.8524532,AAPL,101.09399820576868,151,order
1748406250.9524531,AAPL,101.07770930261873,448,order
1748406251.0524533,AAPL,101.03365147029318,397,order
1748406251.1524532,AAPL,101.01659488798214,315,order
1748406251.2524533,AAPL,100.96030556005438,84,order
1748406251.3524532,AAPL,100.92115926540508,479,order
1748406251.4524531,AAPL,100.80616709010397,86,order
1748406251.5524533,AAPL,100.74953769445617,90,order
1748406251.6524532,AAPL,100.79541424824806,303,order
1748406251.7524533,AAPL,100.86817087148889,177,order
1748406251.8524532,AAPL,100.90069531787255,210,order
1748406251.9524531,AAPL,100.79000320055711,80,order
1748406252.0524533,AAPL,100.72851771994344,452,order
1748406252.1524532,AAPL,100.74258226942526,372,order
1748406252.2524533,AAPL,100.74543537652335,22,order
1748406252.3524532,AAPL,100.84596520682045,249,order
1748406252.4524531,AAPL,100.86655464312287,331,order
1748406252.5524533,AAPL,100.80766713795039,71,order
1748406252.6524532,AAPL,100.76550068400591,21,order
1748406252.7524533,AAPL,100.79716753010682,209,order
1748406252.8524532,AAPL,100.84349058645141,433,order
1748406252.9524531,AAPL,100.84225804591999,102,order
1748406253.0524533,AAPL,100.89263739349485,289,order
1748406253.1524532,AAPL,100.89888871842538,363,order
1748406253.2524533,AAPL,100.9271677382048,111,order
1748406253.3524532,AAPL,100.99343709289802,17,order
1748406253.4524531,AAPL,101.00255403603953,420,order
1748406253.5524533,AAPL,101.03485325099116,429,order
1748406253.6524532,AAPL,101.03450475977569,306,order
1748406253.7524533,AAPL,101.02117141895613,332,order
1748406253.8524532,AAPL,100.96687538771846,397,order
1748406253.9524531,AAPL,100.94560980872781,375,order
1748406254.0524533,AAPL,101.00756110720103,46,order
1748406254.1524532,AAPL,101.01516461897195,479,order
1748406254.2524533,AAPL,100.9946626467953,190,order
1748406254.3524532,AAPL,100.95134144555416,438,order
1748406254.4524531,AAPL,100.92443861899547,37,order
1748406254.5524533,AAPL,100.95971364541033,34,order
1748406254.6524532,AAPL,100.95075488501104,440,order
1748406254.7524533,AAPL,101.04536781451353,147,order
1748406254.8524532,AAPL,101.03813590486074,183,order
1748406254.9524531,AAPL,101.04996263251651,412,order
1748406255.0524533,AAPL,100.99864763963133,45,order
1748406255.1524532,AAPL,100.99522122984668,434,order
1748406255.2524533,AAPL,101.08843323860786,483,order
1748406255.3524532,AAPL,101.1281862774864,418,order
1748406255.4524531,AAPL,101.07450077834908,324,order
1748406255.5524533,AAPL,101.04278480823334,289,order
1748406255.6524532,AAPL,101.02254996707309,270,order
1748406255.7524533,AAPL,100.99792985462146,13,order
1748406255.8524532,AAPL,101.09042107410465,151,order
1748406255.9524531,AAPL,101.05809419062506,127,order
1748406256.0524533,AAPL,101.0039968016672,40,order
1748406256.1524532,AAPL,101.0049976226431,406,order
1748406256.2524533,AAPL,101.07074509845779,268,order
1748406256.3524532,AAPL,101.02166951553943,28,order
1748406256.4524531,AAPL,101.04609718258934,417,order
1748406256.5524533,AAPL,100.95397506515256,276,order
1748406256.6524532,AAPL,101.02544806119873,59,order
1748406256.7524533,AAPL,101.12127172659437,37,order
1748406256.8524532,AAPL,101.19343919294823,473,order
1748406256.9524531,AAPL,101.26577875600493,34,order
1748406257.0524533,AAPL,101.2741714454833,356,order
1748406257.1524532,AAPL,101.20859098209905,407,order
1748406257.2524533,AAPL,101.20868719444442,280,order
1748406257.3524532,AAPL,101.26872165182984,413,order
1748406257.4524531,AAPL,101.3401974235763,377,order
1748406257.5524533,AAPL,101.28548585519823,386,order
1748406257.6524532,AAPL,101.27646585916983,368,order
1748406257.7524533,AAPL,101.20446131435182,391,order
1748406257.8524532,AAPL,101.18106929475375,474,order
1748406257.9524531,AAPL,101.28278761609111,159,order
1748406258.0524533,AAPL,101.37287502947018,432,order
1748406258.1524532,AAPL,101.3750418501308,143,order
1748406258.2524533,AAPL,101.37673060199975,148,order
1748406258.3524532,AAPL,101.3251972555241,497,order
1748406258.4524531,AAPL,101.32175305120029,179,order
1748406258.5524533,AAPL,101.29601443117755,484,order
1748406258.6524532,AAPL,101.32417518873135,479,order
1748406258.7524533,AAPL,101.3454256101929,95,order
1748406258.8524532,AAPL,101.30695122955892,89,order
1748406258.9524531,AAPL,101.30719416723353,498,order
1748406259.0524533,AAPL,101.32445506807305,142,order
1748406259.1524532,AAPL,101.33544657434224,382,order
1748406259.2524533,AAPL,101.41538038990176,197,order
1748406259.3524532,AAPL,101.45919888763534,419,order
1748406259.4524531,AAPL,101.42189715300452,104,order
1748406259.5524533,AAPL,101.29977160305714,228,order
1748406259.6524532,AAPL,101.33503247561272,201,order
1748406259.7524533,AAPL,101.38150852284524,346,order
1748406259.8524532,AAPL,101.35218301265037,225,order
1748406259.9524531,AAPL,101.36818695823706,228,order
1748406260.0524533,AAPL,101.3165361745755,440,order
1748406260.1524532,AAPL,101.28351313542109,432,order
1748406260.2524533,AAPL,101.35585548982492,318,order
1748406260.3524532,AAPL,101.32526155516199,332,order
1748406260.4524531,AAPL,101.41747988028894,475,order
1748406260.5524533,AAPL,101.44421085668121,467,order
1748406260.6524532,AAPL,101.50090323901048,277,order
1748406260.7524533,AAPL,101.42723490685732,350,order
1748406260.8524532,AAPL,101.44099983993429,328,order
1748406260.9524531,AAPL,101.54656450928346,280,order
1748406261.0524533,AAPL,101.54796921468588,16,order
1748406261.1524532,AAPL,101.52263694905211,65,order
1748406261.2524533,AAPL,101.55334143796581,26,order
1748406261.3524532,AAPL,101.5022034437385,169,order
1748406261.4524531,AAPL,101.51990666477519,131,order
1748406261.5524533,AAPL,101.51083400300163,284,order
1748406261.6524532,AAPL,101.44936191562617,487,order
1748406261.7524533,AAPL,101.49508069548426,266,order
1748406261.8524532,AAPL,101.51006637860276,181,order
1748406261.9524531,AAPL,101.51206388023512,167,order
1748406262.0524533,AAPL,101.44813659424668,122,order
1748406262.1524532,AAPL,101.45621673715854,153,order
1748406262.2524533,AAPL,101.48265289106705,209,order
1748406262.3524532,AAPL,101.56331246416796,256,order
1748406262.4524531,AAPL,101.61439011542217,495,order
1748406262.5524533,AAPL,101.69960844061552,320,order
1748406262.6524532,AAPL,101.66329888080296,282,order
1748406262.7524533,AAPL,101.58688562803496,315,order
1748406262.8524532,AAPL,101.568597489573,332,order
1748406262.9524531,AAPL,101.5590822268732,167,order
1748406263.0524533,AAPL,101.65740977991013,455,order
1748406263.1524532,AAPL,101.71884761523334,174,order
1748406263.2524533,AAPL,101.86097349135783,12,order
1748406263.3524532,AAPL,101.87607396067827,226,order
1748406263.4524531,AAPL,101.83744644014469,161,order
1748406263.5524533,AAPL,101.87790152325157,158,order
1748406263.6524532,AAPL,101.82690482486936,271,order
1748406263.7524533,AAPL,101.8322420269014,200,order
1748406263.8524532,AAPL,101.86732604625746,327,order
1748406263.9524531,AAPL,101.91846516478141,361,order
1748406264.0524533,AAPL,101.92325745553526,201,order
1748406264.1524532,AAPL,101.82226674946112,290,order
1748406264.2524533,AAPL,101.79681807171164,45,order
1748406264.3524532,AAPL,101.72590215752396,322,order
1748406264.4524531,AAPL,101.7647781130349,188,order
1748406264.5524533,AAPL,101.76542879496402,231,order
1748406264.6524532,AAPL,101.72128166613851,114,order
1748406264.7524533,AAPL,101.74007827329463,425,order
1748406264.8524532,AAPL,101.7863194728125,478,order
1748406264.9524531,AAPL,101.74040721116562,146,order
1748406265.0524533,AAPL,101.74908554536172,297,order
1748406265.1524532,AAPL,101.80299807299026,427,order
1748406265.2524533,AAPL,101.77616891583679,495,order
1748406265.3524532,AAPL,101.8199677263673,440,order
1748406265.4524531,AAPL,101.81091557700657,71,order
1748406265.5524533,AAPL,101.87859620731402,89,order
1748406265.6524532,AAPL,101.91228339548111,209,order
1748406265.7524533,AAPL,101.9471642628044,313,order
1748406265.8524532,AAPL,101.98797412389092,90,order
1748406265.9524531,AAPL,101.96365271966998,470,order
1748406266.0524533,AAPL,101.93161727127828,228,order
1748406266.1524532,AAPL,101.93906184475019,326,order
1748406266.2524533,AAPL,101.89576473476454,387,order
1748406266.3524532,AAPL,101.83920574719018,201,order
1748406266.4524531,AAPL,101.81954102475198,143,order
1748406266.5524533,AAPL,101.82821431549678,68,order
1748406266.6524532,AAPL,101.90969905066373,109,order
1748406266.7524533,AAPL,101.93836414673987,224,order
1748406266.8524532,AAPL,101.87218401203282,455,order
1748406266.9524531,AAPL,101.9695811744495,83,order
1748406267.0524533,AAPL,102.07366746060183,97,order
1748406267.1524532,AAPL,101.97866586318409,20,order
1748406267.2524533,AAPL,102.04524352921464,307,order
1748406267.3524532,AAPL,102.1039072791263,114,order
1748406267.4524531,AAPL,102.1112242599722,364,order
1748406267.5524533,AAPL,102.14813793146972,169,order
1748406267.6524532,AAPL,102.13016837736626,202,order
1748406267.7524533,AAPL,102.16080630235143,438,order
1748406267.8524532,AAPL,102.07970645026658,283,order
1748406267.9524531,AAPL,102.10206731817668,65,order
1748406268.0524533,AAPL,102.07898735896806,225,order
1748406268.1524532,AAPL,101.98761761865444,229,order
1748406268.2524533,AAPL,101.92034974116822,39,order
1748406268.3524532,AAPL,101.86474485612054,129,order
1748406268.4524531,AAPL,101.79493665856839,230,order
1748406268.5524533,AAPL,101.8468952812217,447,order
1748406268.6524532,AAPL,101.8631052033882,300,order
1748406268.7524533,AAPL,101.87791564039456,117,order
1748406268.8524532,AAPL,101.86038867586099,85,order
1748406268.9524531,AAPL,101.81918828340949,93,order
1748406269.0524533,AAPL,101.78855217749843,441,order
1748406269.1524532,AAPL,101.82374384217596,125,order
1748406269.2524533,AAPL,101.88821191544126,492,order
1748406269.3524532,AAPL,101.8913041536625,480,order
1748406269.4524531,AAPL,101.93187150000202,131,order
1748406269.5524533,AAPL,101.84232460121719,388,order
1748406269.6524532,AAPL,101.79267922356686,404,order
1748406269.7524533,AAPL,101.82872384123448,176,order
1748406269.8524532,AAPL,101.89553361452798,328,order
1748406269.9524531,AAPL,101.88731137107641,107,order
1748406270.0524533,AAPL,101.97803480811713,242,order
1748406270.1524532,AAPL,102.04868085359706,446,order
1748406270.2524533,AAPL,101.99895725034145,308,order
1748406270.3524532,AAPL,101.92809667142903,276,order
1748406270.4524531,AAPL,102.0062346056628,323,order
1748406270.5524533,AAPL,101.97307501656893,439,order
1748406270.6524532,AAPL,101.9142727397699,105,order
1748406270.7524533,AAPL,101.96414122810107,417,order
1748406270.8524532,AAPL,101.98796434598702,367,order
1748406270.9524531,AAPL,102.00078818900687,45,order
1748406271.0524533,AAPL,101.98313916447036,72,order
1748406271.1524532,AAPL,102.0328073818313,362,order
1748406271.2524533,AAPL,102.06995307054085,13,order
1748406271.3524532,AAPL,102.13738618925287,68,order
1748406271.4524531,AAPL,102.16654335385854,216,order
1748406271.5524533,AAPL,102.20119098112076,460,order
1748406271.6524532,AAPL,102.24974179147083,356,order
1748406271.7524533,AAPL,102.21006689993914,381,order
1748406271.8524532,AAPL,102.25516185021054,34,order
1748406271.9524531,AAPL,102.17151922490967,84,order
1748406272.0524533,AAPL,102.21501980258817,364,order
1748406272.1524532,AAPL,102.12327551144276,389,order
1748406272.2524533,AAPL,102.18961912037584,278,order
1748406272.3524532,AAPL,102.20451386963143,318,order
1748406272.4524531,AAPL,102.19780219454667,12,order
1748406272.5524533,AAPL,102.16631458930483,403,order
1748406272.6524532,AAPL,102.10558861706687,271,order
1748406272.7524533,AAPL,102.13615246525315,83,order
1748406272.8524532,AAPL,102.18199611731507,310,order
1748406272.9524531,AAPL,102.12855989628015,127,order
1748406273.0524533,AAPL,102.08431382738375,107,order
1748406273.1524532,AAPL,102.04968053897738,220,order
1748406273.2524533,AAPL,101.97015694613252,131,order
1748406273.3524532,AAPL,102.02758860253213,136,order
1748406273.4524531,AAPL,102.09478752543124,345,order
1748406273.5524533,AAPL,102.0920132091831,363,order
1748406273.6524532,AAPL,102.04014605177983,149,order
1748406273.7524533,AAPL,102.07932909916121,492,order
1748406273.8524532,AAPL,102.12835411180772,186,order
1748406273.9524531,AAPL,102.07965931863032,52,order
1748406274.0524533,AAPL,102.09850762763334,74,order
1748406274.1524532,AAPL,102.04595595916406,113,order
1748406274.2524533,AAPL,102.08993025642474,446,order
1748406274.3524532,AAPL,102.13248925981327,142,order
1748406274.4524531,AAPL,102.0770262924254,173,order
1748406274.5524533,AAPL,102.0526738529447,273,order
1748406274.6524532,AAPL,102.05240181677333,442,order
1748406274.7524533,AAPL,102.08492084406419,115,order
1748406274.8524532,AAPL,102.12320036447908,432,order
1748406274.9524531,AAPL,102.14055663660665,458,order
1748406275.0524533,AAPL,102.11848090597927,350,order
1748406275.1524532,AAPL,102.17911559767423,46,order
1748406275.2524533,AAPL,102.23784024022594,326,order
1748406275.3524532,AAPL,102.22417160281512,62,order
1748406275.4524531,AAPL,102.2209561728192,176,order
1748406275.5524533,AAPL,102.24062230684653,371,order
1748406275.6524532,AAPL,102.2460110137664,223,order
1748406275.7524533,AAPL,102.27814860166606,165,order
1748406275.8524532,AAPL,102.35087892295122,473,order
1748406275.9524531,AAPL,102.36143366916647,156,order
1748406276.0524533,AAPL,102.28290834343602,422,order
1748406276.1524532,AAPL,102.39243021539362,411,order
1748406276.2524533,AAPL,102.36188581103599,233,order
1748406276.3524532,AAPL,102.3737169462463,358,order
1748406276.4524531,AAPL,102.3208808864266,193,order
1748406276.5524533,AAPL,102.29294478689752,255,order
1748406276.6524532,AAPL,102.32169763784579,409,order
1748406276.7524533,AAPL,102.3108336441418,150,order
1748406276.8524532,AAPL,102.24040172179946,434,order
1748406276.9524531,AAPL,102.2369760927464,484,order
1748406277.0524533,AAPL,102.18738147084402,366,order
1748406277.1524532,AAPL,102.29427508752514,227,order
1748406277.2524533,AAPL,102.3078751887933,64,order
1748406277.3524532,AAPL,102.28763447391086,120,order
1748406277.4524531,AAPL,102.35689925241745,153,order
1748406277.5524533,AAPL,102.35548596777049,291,order
1748406277.6524532,AAPL,102.3102125496208,432,order
1748406277.7524533,AAPL,102.28023365233598,470,order
1748406277.8524532,AAPL,102.33142885166873,168,order
1748406277.9524531,AAPL,102.35149440916807,43,order
1748406278.0524533,AAPL,102.31895285540939,264,order
1748406278.1524532,AAPL,102.26253912276987,125,order
1748406278.2524533,AAPL,102.17498509864897,17,order
1748406278.3524532,AAPL,102.0788610690781,90,order
1748406278.4524531,AAPL,102.057958258357,349,order
1748406278.5524533,AAPL,102.12132762608957,453,order
1748406278.6524532,AAPL,102.19427851751622,131,order
1748406278.7524533,AAPL,102.16820699574826,395,order
1748406278.8524532,AAPL,102.16591357203257,79,order
1748406278.9524531,AAPL,102.11775182257726,252,order
1748406279.0524533,AAPL,102.17844821913904,72,order
1748406279.1524532,AAPL,102.20806964620786,399,order
1748406279.2524533,AAPL,102.19060949779323,85,order
1748406279.3524532,AAPL,102.15323412672483,265,order
1748406279.4524531,AAPL,102.1436341561481,132,order
1748406279.5524533,AAPL,102.09831401267772,291,order
1748406279.6524532,AAPL,102.10462495028419,321,order
1748406279.7524533,AAPL,102.12095588292607,479,order
1748406279.8524532,AAPL,102.14893910215457,75,order
1748406279.9524531,AAPL,102.25857635260238,405,order
1748406280.0524533,AAPL,102.26212691284108,164,order
1748406280.1524532,AAPL,102.27338786500582,254,order
1748406280.2524533,AAPL,102.24038547472854,249,order
1748406280.3524532,AAPL,102.22621106386418,361,order
1748406280.4524531,AAPL,102.17618878795346,237,order
1748406280.5524533,AAPL,102.21446628079008,160,order
1748406280.6524532,AAPL,102.20900892606949,414,order
1748406280.7524533,AAPL,102.0401583987578,360,order
1748406280.8524532,AAPL,102.00785208564693,158,order
1748406280.9524531,AAPL,101.96730537470023,216,order
1748406281.0524533,AAPL,101.96412711038937,344,order
1748406281.1524532,AAPL,101.92511015322539,318,order
1748406281.2524533,AAPL,101.87576378227944,472,order
1748406281.3524532,AAPL,101.90541243021309,295,order
1748406281.4524531,AAPL,101.96317088220799,407,order
1748406281.5524533,AAPL,102.04688909217543,197,order
1748406281.6524532,AAPL,102.09108002641922,126,order
1748406281.7524533,AAPL,102.01972685603793,230,order
1748406281.8524532,AAPL,101.97076187772478,119,order
1748406281.9524531,AAPL,102.0158819344865,312,order
1748406282.0524533,AAPL,102.01854131916521,235,order
1748406282.1524532,AAPL,102.12059428588132,465,order
1748406282.2524533,AAPL,102.18451123531497,321,order
1748406282.3524532,AAPL,102.16643791588383,389,order
1748406282.4524531,AAPL,102.18776109045201,127,order
1748406282.5524533,AAPL,102.18048674286119,432,order
1748406282.6524532,AAPL,102.1348117039193,466,order
1748406282.7524533,AAPL,102.16415155420533,369,order
1748406282.8524532,AAPL,102.20151879135797,161,order
1748406282.9524531,AAPL,102.22420566255894,475,order
1748406283.0524533,AAPL,102.19101992179974,375,order
1748406283.1524532,AAPL,102.2085662995747,347,order
1748406283.2524533,AAPL,102.05694535139514,61,order
1748406283.3524532,AAPL,102.06545094974742,450,order
1748406283.4524531,AAPL,102.06871844595113,489,order
1748406283.5524533,AAPL,102.14594413279363,470,order
1748406283.6524532,AAPL,102.18990575492528,200,order
1748406283.7524533,AAPL,102.27315804069707,461,order
1748406283.8524532,AAPL,102.3304913655689,265,order
1748406283.9524531,AAPL,102.31802406861914,145,order
1748406284.0524533,AAPL,102.22584982245338,390,order
1748406284.1524532,AAPL,102.16017123847348,497,order
1748406284.2524533,AAPL,102.1624166686962,480,order
1748406284.3524532,AAPL,102.15452844140009,355,order
1748406284.4524531,AAPL,102.17899218905025,332,order
1748406284.5524533,AAPL,102.18476847361575,393,order
1748406284.6524532,AAPL,102.14588882709818,307,order
1748406284.7524533,AAPL,102.20380257628456,495,order
1748406284.8524532,AAPL,102.19505894239255,346,order
1748406284.9524531,AAPL,102.22910630534861,413,order
1748406285.0524533,AAPL,102.1190178386436,140,order
1748406285.1524532,AAPL,102.10738534277355,377,order
1748406285.2524533,AAPL,102.11059568301428,435,order
1748406285.3524532,AAPL,102.03225164220277,229,order
1748406285.4524531,AAPL,102.13268003086974,388,order
1748406285.5524533,AAPL,102.11346680459839,109,order
1748406285.6524532,AAPL,102.10363709866877,332,order
1748406285.7524533,AAPL,102.20185451841174,132,order
1748406285.8524532,AAPL,102.08178218650218,276,order
1748406285.9524531,AAPL,102.12107883082658,147,order
1748406286.0524533,AAPL,102.11459354558282,87,order
1748406286.1524532,AAPL,102.14737980801587,44,order
1748406286.2524533,AAPL,102.11557005725504,194,order
1748406286.3524532,AAPL,102.15345177800745,398,order
1748406286.4524531,AAPL,102.05218866790665,111,order
1748406286.5524533,AAPL,102.00700348006141,185,order
1748406286.6524532,AAPL,102.00541378347931,296,order
1748406286.7524533,AAPL,101.99097357944227,421,order
1748406286.8524532,AAPL,101.94826529501616,356,order
1748406286.9524531,AAPL,101.97963875026272,51,order
1748406287.0524533,AAPL,102.02573091092094,294,order
1748406287.1524532,AAPL,102.0204059037685,408,order
1748406287.2524533,AAPL,102.0514914566891,177,order
1748406287.3524532,AAPL,101.99198715664495,290,order
1748406287.4524531,AAPL,102.00107564329855,325,order
1748406287.5524533,AAPL,101.99978171566066,326,order
1748406287.6524532,AAPL,101.95322877743166,165,order
1748406287.7524533,AAPL,102.01978330074485,270,order
1748406287.8524532,AAPL,102.00776822352144,50,order
1748406287.9524531,AAPL,101.90492143041614,483,order
1748406288.0524533,AAPL,101.88048062568875,348,order
1748406288.1524532,AAPL,101.90153065102474,312,order
1748406288.2524533,AAPL,101.85822322529137,429,order
1748406288.3524532,AAPL,101.78924319799984,274,order
1748406288.4524531,AAPL,101.68414554449473,69,order
1748406288.5524533,AAPL,101.62105924849236,358,order
1748406288.6524532,AAPL,101.68056694514456,277,order
1748406288.7524533,AAPL,101.75972163985942,267,order
1748406288.8524532,AAPL,101.80665769867285,17,order
1748406288.9524531,AAPL,101.66635276163727,458,order
1748406289.0524533,AAPL,101.67793003844605,389,order
1748406289.1524532,AAPL,101.67344400956378,185,order
1748406289.2524533,AAPL,101.5732141691741,372,order
1748406289.3524532,AAPL,101.57479982598524,270,order
1748406289.4524531,AAPL,101.64671734311513,259,order
1748406289.5524533,AAPL,101.73950064358084,242,order
1748406289.6524532,AAPL,101.67115224390761,86,order
1748406289.7524533,AAPL,101.68728147537915,386,order
1748406289.8524532,AAPL,101.69720151907028,123,order
1748406289.9524531,AAPL,101.6283928779428,272,order
1748406290.0524533,AAPL,101.60089389077183,253,order
1748406290.1524532,AAPL,101.62954972422261,169,order
1748406290.2524533,AAPL,101.70083397910949,273,order
1748406290.3524532,AAPL,101.69737853024195,380,order
1748406290.4524531,AAPL,101.7792584023675,104,order
1748406290.5524533,AAPL,101.80413296252681,44,order
1748406290.6524532,AAPL,101.71027052197026,21,order
1748406290.7524533,AAPL,101.73518581777091,285,order
1748406290.8524532,AAPL,101.68563481540573,368,order
1748406290.9524531,AAPL,101.71677412570611,491,order
1748406291.0524533,AAPL,101.68677166831247,278,order
1748406291.1524532,AAPL,101.62792752462414,161,order
1748406291.2524533,AAPL,101.63796896349109,392,order
1748406291.3524532,AAPL,101.60490156865058,127,order
1748406291.4524531,AAPL,101.56039992064997,413,order
1748406291.5524533,AAPL,101.5679122062387,161,order
1748406291.6524532,AAPL,101.55638210923807,360,order
1748406291.7524533,AAPL,101.59872471594845,427,order
1748406291.8524532,AAPL,101.66695708646955,341,order
1748406291.9524531,AAPL,101.6112782334554,317,order
1748406292.0524533,AAPL,101.51558351927946,309,order
1748406292.1524532,AAPL,101.49483949970141,387,order
1748406292.2524533,AAPL,101.51848608424348,82,order
1748406292.3524532,AAPL,101.48742912840802,119,order
1748406292.4524531,AAPL,101.49162624671806,314,order
1748406292.5524533,AAPL,101.46077887672732,66,order
1748406292.6524532,AAPL,101.5274908903798,386,order
1748406292.7524533,AAPL,101.5217188827189,432,order
1748406292.8524532,AAPL,101.55206557825927,288,order
1748406292.9524531,AAPL,101.63330124645823,384,order
1748406293.0524533,AAPL,101.63896357971548,239,order
1748406293.1524532,AAPL,101.64045002644662,92,order
1748406293.2524533,AAPL,101.60696957429566,434,order
1748406293.3524532,AAPL,101.5116443916927,257,order
1748406293.4524531,AAPL,101.50547377024004,421,order
1748406293.5524533,AAPL,101.57086653598253,492,order
1748406293.6524532,AAPL,101.50504206407705,434,order
1748406293.7524533,AAPL,101.48199329819434,329,order
1748406293.8524532,AAPL,101.47516117920497,369,order
1748406293.9524531,AAPL,101.39839439669558,80,order
1748406294.0524533,AAPL,101.39424115203317,392,order
1748406294.1524532,AAPL,101.43822464091826,423,order
1748406294.2524533,AAPL,101.45319877827852,459,order
1748406294.3524532,AAPL,101.43283549031764,114,order
1748406294.4524531,AAPL,101.46113416732187,347,order
1748406294.5524533,AAPL,101.50111125986794,74,order
1748406294.6524532,AAPL,101.4794772164005,90,order
1748406294.7524533,AAPL,101.49608639039788,26,order
1748406294.8524532,AAPL,101.60912835377425,319,order
1748406294.9524531,AAPL,101.618941151247,100,order
1748406295.0524533,AAPL,101.70353390542425,423,order
1748406295.1524532,AAPL,101.64583680532085,191,order
1748406295.2524533,AAPL,101.71300245635484,28,order
1748406295.3524532,AAPL,101.76102297191424,18,order
1748406295.4524531,AAPL,101.70763050761087,368,order
1748406295.5524533,AAPL,101.72071805437932,455,order
1748406295.6524532,AAPL,101.7012779003546,166,order
1748406295.7524533,AAPL,101.70148214685837,53,order
1748406295.8524532,AAPL,101.67316576676437,348,order
1748406295.9524531,AAPL,101.69144208764392,283,order
1748406296.0524533,AAPL,101.73606676306309,200,order
1748406296.1524532,AAPL,101.69412171184582,432,order
1748406296.2524533,AAPL,101.68522285995678,490,order
1748406296.3524532,AAPL,101.69757339201206,117,order
1748406296.4524531,AAPL,101.7513603744974,249,order
1748406296.5524533,AAPL,101.72679495517842,432,order
1748406296.6524532,AAPL,101.68732037627473,294,order
1748406296.7524533,AAPL,101.7496634519978,29,order
1748406296.8524532,AAPL,101.79132640444242,461,order
1748406296.9524531,AAPL,101.7917309089872,293,order
1748406297.0524533,AAPL,101.8374354956064,338,order
1748406297.1524532,AAPL,101.8517229842158,396,order
1748406297.2524533,AAPL,101.83826243057324,111,order
1748406297.3524532,AAPL,101.71345158723287,383,order
1748406297.4524531,AAPL,101.73437181904987,213,order
1748406297.5524533,AAPL,101.73242159103046,187,order
1748406297.6524532,AAPL,101.69345752624098,344,order
1748406297.7524533,AAPL,101.68880365641394,225,order
1748406297.8524532,AAPL,101.73236999904289,38,order
1748406297.9524531,AAPL,101.72802379324071,148,order
1748406298.0524533,AAPL,101.79592822334591,239,order
1748406298.1524532,AAPL,101.79627031132824,387,order
1748406298.2524533,AAPL,101.86726885833983,492,order
1748406298.3524532,AAPL,101.84791252962663,258,order
1748406298.4524531,AAPL,101.80335224382974,368,order
1748406298.5524533,AAPL,101.81324326912149,116,order
1748406298.6524532,AAPL,101.83700157382398,217,order
1748406298.7524533,AAPL,101.8987039598095,16,order
1748406298.8524532,AAPL,101.92444246242921,219,order
1748406298.9524531,AAPL,101.91514263725473,232,order
1748406299.0524533,AAPL,101.94947904253567,194,order
1748406299.1524532,AAPL,101.99638204828537,330,order
1748406299.2524533,AAPL,102.05720412437468,108,order
1748406299.3524532,AAPL,102.04452054760239,420,order
1748406299.4524531,AAPL,102.00666289691338,123,order
1748406299.5524533,AAPL,102.03855948728659,238,order
1748406299.6524532,AAPL,102.09245634883318,470,order
1748406299.7524533,AAPL,102.0889753256482,320,order
1748406299.8524532,AAPL,102.11021913153569,92,order
1748406299.9524531,AAPL,102.04353183890763,298,order
1748406300.0524533,AAPL,102.01675624288998,318,order
1748406300.1524532,AAPL,102.10769774702604,326,order
1748406300.2524533,AAPL,102.12573731447783,379,order
1748406300.3524532,AAPL,102.20028119302278,315,order
1748406300.4524531,AAPL,102.1414584545395,179,order
1748406300.5524533,AAPL,102.14326766380978,403,order
1748406300.6524532,AAPL,102.21318378020759,372,order
1748406300.7524533,AAPL,102.1398354786822,491,order
1748406300.8524532,AAPL,102.13291644485803,451,order
1748406300.9524531,AAPL,102.09285860076402,305,order
1748406301.0524533,AAPL,102.0095489665556,111,order
1748406301.1524532,AAPL,102.09932697654189,398,order
1748406301.2524533,AAPL,102.10861229387547,429,order
1748406301.3524532,AAPL,102.17481602184442,40,order
1748406301.4524531,AAPL,102.20943711988255,339,order
1748406301.5524533,AAPL,102.22251152484637,59,order
1748406301.6524532,AAPL,102.2281080578425,228,order
1748406301.7524533,AAPL,102.18192404448929,63,order
1748406301.8524532,AAPL,102.20953140439154,114,order
1748406301.9524531,AAPL,102.21914527701087,36,order
1748406302.0524533,AAPL,102.19406895986509,446,order
1748406302.1524532,AAPL,102.12428570301267,404,order
1748406302.2524533,AAPL,102.16589948303455,379,order
1748406302.3524532,AAPL,102.23883910776729,362,order
1748406302.4524531,AAPL,102.2321733615972,494,order
1748406302.5524533,AAPL,102.27144617993437,157,order
1748406302.6524532,AAPL,102.30045224801316,178,order
1748406302.7524533,AAPL,102.22546930293751,403,order
1748406302.8524532,AAPL,102.29067381406655,183,order
1748406302.9524531,AAPL,102.27041048176852,94,order
1748406303.0524533,AAPL,102.2456967887428,45,order
1748406303.1524532,AAPL,102.27481607702353,291,order
1748406303.2524533,AAPL,102.24100123708142,304,order
1748406303.3524532,AAPL,102.25788088793183,43,order
1748406303.4524531,AAPL,102.2686295845097,276,order
1748406303.5524533,AAPL,102.23033473506827,250,order
1748406303.6524532,AAPL,102.24201045111259,95,order
1748406303.7524533,AAPL,102.32262270217707,353,order
1748406303.8524532,AAPL,102.30769207780563,272,order
1748406303.9524531,AAPL,102.25867932561812,146,order
1748406304.0524533,AAPL,102.23419451387905,351,order
1748406304.1524532,AAPL,102.2206871135825,29,order
1748406304.2524533,AAPL,102.26648905588317,20,order
1748406304.3524532,AAPL,102.13665853787595,260,order
1748406304.4524531,AAPL,102.04839361827757,264,order
1748406304.5524533,AAPL,102.0749919035361,389,order
1748406304.6524532,AAPL,102.14652936889708,282,order
1748406304.7524533,AAPL,102.09844513358381,316,order
1748406304.8524532,AAPL,102.06859702435675,493,order
1748406304.9524531,AAPL,102.07919474286473,297,order
1748406305.0524533,AAPL,102.01350078554806,213,order
1748406305.1524532,AAPL,102.04451105997516,35,order
1748406305.2524533,AAPL,102.09857478389279,66,order
1748406305.3524532,AAPL,102.07034592504615,155,order
1748406305.4524531,AAPL,102.12428412611943,55,order
1748406305.5524533,AAPL,102.15593336876682,292,order
1748406305.6524532,AAPL,102.13513975443315,346,order
1748406305.7524533,AAPL,102.19856472625814,181,order
1748406305.8524532,AAPL,102.21102088142077,84,order
1748406305.9524531,AAPL,102.25045402120016,98,order
1748406306.0524533,AAPL,102.32108412686526,274,order
1748406306.1524532,AAPL,102.36319558303269,331,order
1748406306.2524533,AAPL,102.3296600541302,281,order
1748406306.3524532,AAPL,102.23187570052846,50,order
1748406306.4524531,AAPL,102.26653173110492,31,order
1748406306.5524533,AAPL,102.28376676907922,178,order
1748406306.6524532,AAPL,102.32568834895152,150,order
1748406306.7524533,AAPL,102.33614554981416,341,order
1748406306.8524532,AAPL,102.3099788140279,365,order
1748406306.9524531,AAPL,102.33745638934472,234,order
1748406307.0524533,AAPL,102.30593530658305,71,order
1748406307.1524532,AAPL,102.3386806943025,495,order
1748406307.2524533,AAPL,102.40544183322395,439,order
1748406307.3524532,AAPL,102.4691190302156,165,order
1748406307.4524531,AAPL,102.49497179512058,337,order
1748406307.5524533,AAPL,102.51633575473363,437,order
1748406307.6524532,AAPL,102.47942812868047,294,order
1748406307.7524533,AAPL,102.41171589331749,79,order
1748406307.8524532,AAPL,102.47185825977505,451,order
1748406307.9524531,AAPL,102.49694418065579,475,order
1748406308.0524533,AAPL,102.39227099256733,291,order
1748406308.1524532,AAPL,102.37015843247227,281,order
1748406308.2524533,AAPL,102.3484957075878,484,order
1748406308.3524532,AAPL,102.35979182400946,138,order
1748406308.4524531,AAPL,102.3514861616191,258,order
1748406308.5524533,AAPL,102.33383801800758,277,order
1748406308.6524532,AAPL,102.35814917706574,458,order
1748406308.7524533,AAPL,102.37395013627513,392,order
1748406308.8524532,AAPL,102.33421811836575,362,order
1748406308.9524531,AAPL,102.3519221074146,465,order
1748406309.0524533,AAPL,102.44308473485518,369,order
1748406309.1524532,AAPL,102.49161535451792,351,order
1748406309.2524533,AAPL,102.41837196992326,379,order
1748406309.3524532,AAPL,102.41441745028759,484,order
1748406309.4524531,AAPL,102.45473792486185,289,order
1748406309.5524533,AAPL,102.42347683792634,255,order
1748406309.6524532,AAPL,102.38109798313862,417,order
1748406309.7524533,AAPL,102.35837689980953,125,order
1748406309.8524532,AAPL,102.3530154805455,223,order
1748406309.9524531,AAPL,102.38061842640015,476,order
1748406310.0524533,AAPL,102.32172566802706,297,order
1748406310.1524532,AAPL,102.31511970579578,52,order
1748406310.2524533,AAPL,102.35062654263137,60,order
1748406310.3524532,AAPL,102.20292037252419,201,order
1748406310.4524531,AAPL,102.14732768240373,441,order
1748406310.5524533,AAPL,102.22123485581365,52,order
1748406310.6524532,AAPL,102.21044736772438,86,order
1748406310.7524533,AAPL,102.12703677181872,109,order
1748406310.8524532,AAPL,102.11526632102789,203,order
1748406310.9524531,AAPL,102.04154178078178,442,order
1748406311.0524533,AAPL,102.09317801403199,297,order
1748406311.1524532,AAPL,102.10433920868662,111,order
1748406311.2524533,AAPL,102.0679116990034,74,order
1748406311.3524532,AAPL,102.0707523389598,61,order
1748406311.4524531,AAPL,102.09163640313587,352,order
1748406311.5524533,AAPL,102.11218828805764,74,order
1748406311.6524532,AAPL,102.11152996546907,142,order
1748406311.7524533,AAPL,102.11880105755294,68,order
1748406311.8524532,AAPL,102.1470595026096,268,order
1748406311.9524531,AAPL,102.06627068717573,26,order
1748406312.0524533,AAPL,102.03602948300617,244,order
1748406312.1524532,AAPL,101.97035146942028,406,order
1748406312.2524533,AAPL,101.96960281966165,25,order
1748406312.3524532,AAPL,101.94449284523962,140,order
1748406312.4524531,AAPL,101.90475572315907,246,order
1748406312.5524533,AAPL,101.87993254514703,404,order
1748406312.6524532,AAPL,101.91939446662094,395,order
1748406312.7524533,AAPL,101.9006957572578,442,order
1748406312.8524532,AAPL,101.91264494833274,350,order
1748406312.9524531,AAPL,102.02717134471177,40,order
1748406313.0524533,AAPL,102.11103066790531,101,order
1748406313.1524532,AAPL,102.12962242736592,303,order
1748406313.2524533,AAPL,102.10591890037621,182,order
1748406313.3524532,AAPL,102.05865344576702,250,order
1748406313.4524531,AAPL,102.12225164760105,24,order
1748406313.5524533,AAPL,102.20161722120744,30,order
1748406313.6524532,AAPL,102.19259613946362,130,order
1748406313.7524533,AAPL,102.23990268785532,156,order
1748406313.8524532,AAPL,102.25531331867995,47,order
1748406313.9524531,AAPL,102.2028684420944,194,order
1748406314.0524533,AAPL,102.24655166253959,264,order
1748406314.1524532,AAPL,102.30739687445359,109,order
1748406314.2524533,AAPL,102.33726041674267,187,order
1748406314.3524532,AAPL,102.3208796169041,327,order
1748406314.4524531,AAPL,102.32266383359658,269,order
1748406314.5524533,AAPL,102.3210063723777,497,order
1748406314.6524532,AAPL,102.46130933395388,268,order
1748406314.7524533,AAPL,102.46386533582884,223,order
1748406314.8524532,AAPL,102.44305187979768,443,order
1748406314.9524531,AAPL,102.44936095948569,448,order
1748406315.0524533,AAPL,102.37393850425428,117,order
1748406315.1524532,AAPL,102.40222182260149,307,order
1748406315.2524533,AAPL,102.36766456620785,204,order
1748406315.3524532,AAPL,102.30690405050589,204,order
1748406315.4524531,AAPL,102.30675705381684,114,order
1748406315.5524533,AAPL,102.242725447845,423,order
1748406315.6524532,AAPL,102.184389146617,477,order
1748406315.7524533,AAPL,102.10394198420919,478,order
1748406315.8524532,AAPL,102.02891079083581,448,order
1748406315.9524531,AAPL,102.0285880580155,303,order
1748406316.0524533,AAPL,101.99420503099728,308,order
1748406316.1524532,AAPL,101.92098220950965,132,order
1748406316.2524533,AAPL,101.8635367034446,474,order
1748406316.3524532,AAPL,101.8680415566975,460,order
1748406316.4524531,AAPL,101.81900288389595,419,order
1748406316.5524533,AAPL,101.8266875738221,203,order
1748406316.6524532,AAPL,101.93280246716391,328,order
1748406316.7524533,AAPL,101.95478439295346,189,order
1748406316.8524532,AAPL,101.87419830740177,324,order
1748406316.9524531,AAPL,101.87199882992041,115,order
1748406317.0524533,AAPL,101.901504058174,197,order
1748406317.1524532,AAPL,101.91437009174003,371,order
1748406317.2524533,AAPL,101.89060253434673,235,order
1748406317.3524532,AAPL,101.89716807468554,20,order
1748406317.4524531,AAPL,101.86495262881229,250,order
1748406317.5524533,AAPL,101.88218023492747,283,order
1748406317.6524532,AAPL,101.89296352628797,455,order
1748406317.7524533,AAPL,102.00254338004143,208,order
1748406317.8524532,AAPL,101.97062015599575,299,order
1748406317.9524531,AAPL,101.87920560011807,379,order
1748406318.0524533,AAPL,101.87426536079904,465,order
1748406318.1524532,AAPL,101.84647424533343,376,order
1748406318.2524533,AAPL,101.8787519353078,379,order
1748406318.3524532,AAPL,101.8482768019539,22,order
1748406318.4524531,AAPL,101.82751038372527,55,order
1748406318.5524533,AAPL,101.93883567425037,80,order
1748406318.6524532,AAPL,101.95641423115055,350,order
1748406318.7524533,AAPL,101.95910332787969,245,order
1748406318.8524532,AAPL,102.02218428079932,258,order
1748406318.9524531,AAPL,102.06478937816944,50,order
1748406319.0524533,AAPL,102.07498867376172,375,order
1748406319.1524532,AAPL,102.08657914451653,175,order
1748406319.2524533,AAPL,102.13966626633677,106,order
1748406319.3524532,AAPL,102.11756030371879,83,order
1748406319.4524531,AAPL,102.10995270545584,335,order
1748406319.5524533,AAPL,102.12716466965203,39,order
1748406319.6524532,AAPL,102.17672127583234,485,order
1748406319.7524533,AAPL,102.15559105515433,461,order
1748406319.8524532,AAPL,102.1606406598329,22,order
1748406319.9524531,AAPL,102.19604600670549,335,order
1748406320.0524533,AAPL,102.2228416138731,64,order
1748406320.1524532,AAPL,102.27606235810326,114,order
1748406320.2524533,AAPL,102.23430938580783,457,order
1748406320.3524532,AAPL,102.23129271698997,402,order
1748406320.4524531,AAPL,102.20302875925064,276,order
1748406320.5524533,AAPL,102.19091064575831,53,order
1748406320.6524532,AAPL,102.1855916972477,181,order
1748406320.7524533,AAPL,102.21634787962239,404,order
1748406320.8524532,AAPL,102.26341472510305,453,order
1748406320.9524531,AAPL,102.2772758181627,252,order
1748406321.0524533,AAPL,102.33948460435172,137,order
1748406321.1524532,AAPL,102.37053144902067,402,order
1748406321.2524533,AAPL,102.37680041258803,301,order
1748406321.3524532,AAPL,102.37107160005283,189,order
1748406321.4524531,AAPL,102.37764532042826,473,order
1748406321.5524533,AAPL,102.40240221139815,190,order
1748406321.6524532,AAPL,102.38207034621504,146,order
1748406321.7524533,AAPL,102.46175549438935,230,order
1748406321.8524532,AAPL,102.3549509372623,23,order
1748406321.9524531,AAPL,102.27004163470502,456,order
1748406322.0524533,AAPL,102.32945584921478,36,order
1748406322.1524532,AAPL,102.29679229964937,190,order
1748406322.2524533,AAPL,102.27466151546061,181,order
1748406322.3524532,AAPL,102.29660912624742,86,order
1748406322.4524531,AAPL,102.35855780652088,25,order
1748406322.5524533,AAPL,102.34912785945556,176,order
1748406322.6524532,AAPL,102.4241124735833,110,order
1748406322.7524533,AAPL,102.46450313004293,58,order
1748406322.8524532,AAPL,102.45910031684876,16,order
1748406322.9524531,AAPL,102.44367651598168,132,order
1748406323.0524533,AAPL,102.47887908769874,289,order
1748406323.1524532,AAPL,102.43004296025815,487,order
1748406323.2524533,AAPL,102.49163844655509,25,order
1748406323.3524532,AAPL,102.4625122275662,369,order
1748406323.4524531,AAPL,102.40402343759915,265,order
1748406323.5524533,AAPL,102.37353129931354,400,order
1748406323.6524532,AAPL,102.35034348427364,323,order
1748406323.7524533,AAPL,102.28982733901107,94,order
1748406323.8524532,AAPL,102.38302047076527,291,order
1748406323.9524531,AAPL,102.31580253920384,220,order
1748406324.0524533,AAPL,102.25556161173523,443,order
1748406324.1524532,AAPL,102.1731792522752,32,order
1748406324.2524533,AAPL,102.02882319288875,165,order
1748406324.3524532,AAPL,102.04362817333042,125,order
1748406324.4524531,AAPL,102.0616395943635,364,order
1748406324.5524533,AAPL,102.07737861804587,199,order
1748406324.6524532,AAPL,102.09531104318086,405,order
1748406324.7524533,AAPL,102.10081888061931,302,order
1748406324.8524532,AAPL,102.07114006387899,230,order
1748406324.9524531,AAPL,102.086921558127,393,order
1748406325.0524533,AAPL,102.00284601237817,441,order
1748406325.1524532,AAPL,101.99321013197918,299,order
1748406325.2524533,AAPL,101.93904841449839,384,order
1748406325.3524532,AAPL,101.92044667805763,35,order
1748406325.4524531,AAPL,101.93396966735311,284,order
1748406325.5524533,AAPL,101.88802802769858,165,order
1748406325.6524532,AAPL,101.8932527454832,373,order
1748406325.7524533,AAPL,101.92424645851037,179,order
1748406325.8524532,AAPL,101.91799755977055,478,order
1748406325.9524531,AAPL,101.90839697390928,409,order
1748406326.0524533,AAPL,101.91840361644678,322,order
1748406326.1524532,AAPL,101.89246664366347,468,order
1748406326.2524533,AAPL,101.87042135525579,230,order
1748406326.3524532,AAPL,101.81490935963856,17,order
1748406326.4524531,AAPL,101.73950842131245,82,order
1748406326.5524533,AAPL,101.79545159465522,111,order
1748406326.6524532,AAPL,101.84187009531695,228,order
1748406326.7524533,AAPL,101.87209634074709,440,order
1748406326.8524532,AAPL,101.93900700834894,67,order
1748406326.9524531,AAPL,101.97762586151796,218,order
1748406327.0524533,AAPL,101.92737602676925,374,order
1748406327.1524532,AAPL,102.0307450386938,205,order
1748406327.2524533,AAPL,102.03342321703931,370,order
1748406327.3524532,AAPL,102.04636378830753,399,order
1748406327.4524531,AAPL,102.01183187072829,488,order
1748406327.5524533,AAPL,102.07621339529386,155,order
